,Name,Alcohol,Size,Price,Price_per_liter,Alcohol_per_euro_per_liter
0,Castero Trebbiano 2021 kartonkitölkki,13.0,1.0,8.49,8.49,1.5312131919905771
0,Santiago 1541 Syrah Cabernet Malbec 2019 hanapakkaus,12.5,3.0,24.99,8.33,1.5006002400960383
0,Caravan Rosé 2021 muovipullo,13.0,0.75,6.50,8.666666666666666,1.5
0,Adobe Cabernet Sauvignon Merlot 2020 hanapakkaus,13.5,3.0,27.49,9.163333333333332,1.4732630047289925
0,Lounge Wine Merlot 2021 kartonkitölkki,11.5,1.0,7.99,7.99,1.4392991239048811
0,Lobetia Tempranillo Shiraz 2020 kartonkitölkki,13.5,1.0,9.49,9.49,1.422550052687039
0,Aussie Kangarouge A Rich Shiraz kartonkitölkki,13.5,1.0,9.49,9.49,1.422550052687039
0,Castillo de Gredos Tinto hanapakkaus,13.0,3.0,27.49,9.163333333333332,1.4186977082575483
0,Piqueras Syrah Monastrell 2022 hanapakkaus,14.5,3.0,30.98,10.326666666666666,1.4041316978695932
0,Selfie Oaked Pinotage 2020 kartonkitölkki,14.0,1.0,9.98,9.98,1.4028056112224447
0,Rosie Rosé 2022 kartonkitölkki,14.0,1.0,9.99,9.99,1.4014014014014013
0,Chef's Selection Tomi Björck Edition Shiraz 2020 hanapakkaus,13.5,3.0,28.90,9.633333333333333,1.4013840830449829
0,Bio Logico Organic Tempranillo 2021 hanapakkaus,14.0,3.0,29.98,9.993333333333334,1.400933955970647
0,Gustoso Vino Rosso Organico 2019 hanapakkaus,12.5,3.0,26.98,8.993333333333334,1.3899184581171238
0,Curiosity Tempranillo kartonkitölkki,13.0,1.0,9.49,9.49,1.36986301369863
0,Liisa Muscat Sauvignon Blanc kartonkitölkki,13.0,1.0,9.49,9.49,1.36986301369863
0,Smooth Escape Shiraz Cabernet 2021 kartonkitölkki,13.5,1.0,9.88,9.88,1.3663967611336032
0,Doris muovipullo,15.0,0.75,8.29,11.053333333333333,1.3570566948130278
0,Valdemar muovipullo,15.0,0.75,8.29,11.053333333333333,1.3570566948130278
0,Kuronen Red 2021 hanapakkaus,14.0,3.0,30.98,10.326666666666666,1.355713363460297
0,The Big Zin Zinfandel 2020 hanapakkaus,14.0,3.0,30.98,10.326666666666666,1.355713363460297
0,Tapio Viina muovipullo,39.0,1.0,28.85,28.85,1.3518197573656845
0,Ícaro Tinto 2022 hanapakkaus,13.5,3.0,29.98,9.993333333333334,1.3509006004002668
0,Contramaestre Syrah Tempranillo Garnacha Organic 2021 hanapakkaus,13.5,3.0,29.98,9.993333333333334,1.3509006004002668
0,Castillo de Anna Appasanto Tempranillo hanapakkaus,13.5,3.0,29.98,9.993333333333334,1.3509006004002668
0,Casa Santos Lima Red Blend Portugal 2021 hanapakkaus,13.5,3.0,29.98,9.993333333333334,1.3509006004002668
0,Cerro Tinto kartonkitölkki,12.5,1.0,9.29,9.29,1.3455328310010766
0,Sisuviina muovipullo,37.5,1.0,27.99,27.99,1.339764201500536
0,Laua Viin muovipullo,40.0,0.5,14.99,29.98,1.33422281521014
0,Koskenkorva Viina muovipullo,38.0,0.7,19.98,28.542857142857144,1.3313313313313313
0,Saunalahden Viina muovipullo,37.5,0.7,19.78,28.25714285714286,1.3270980788675428
0,Viña Albali Organic Tempranillo 2021 hanapakkaus,13.0,3.0,29.49,9.83,1.3224821973550356
0,Leijona Viina muovipullo,32.0,0.7,16.98,24.25714285714286,1.3191990577149586
0,Suomi Viina muovipullo,32.0,1.0,24.29,24.29,1.3174145738987237
0,Zafaria Winemakers Blend Chenin Blanc 2023 kartonkitölkki,12.5,1.0,9.49,9.49,1.3171759747102212
0,Aussie Great White Chardonnay 2021 kartonkitölkki,12.5,1.0,9.49,9.49,1.3171759747102212
0,Castillo de Gredos Tinto kartonkitölkki,13.0,1.0,9.88,9.88,1.3157894736842104
0,Gambina muovipullo,21.0,0.75,11.98,15.973333333333334,1.3146911519198663
0,Castano Ecologico Monastrell 2021 hanapakkaus,14.0,3.0,31.98,10.66,1.3133208255159474
0,Gosa Organic Monastrell 2021 hanapakkaus,14.0,3.0,31.99,10.663333333333332,1.3129102844638951
0,Chill Out Cabernet Sauvignon Australia 2022 hanapakkaus,14.0,3.0,31.99,10.663333333333332,1.3129102844638951
0,Marabello muovipullo,15.0,0.75,8.58,11.44,1.3111888111888113
0,Castillo de Gredos Blanco hanapakkaus,12.0,3.0,27.49,9.163333333333332,1.30956711531466
0,2u Duas Uvas 2021 hanapakkaus,13.5,3.0,30.98,10.326666666666666,1.3072950290510008
0,Sofia y Sebastian 2020 hanapakkaus,13.0,3.0,29.88,9.959999999999999,1.3052208835341366
0,Curiosity Tempranillo 2020 hanapakkaus,13.0,3.0,29.88,9.959999999999999,1.3052208835341366
0,Los Molinos Tempranillo,12.5,0.75,7.19,9.586666666666668,1.303894297635605
0,Don Opas 2022,12.5,0.75,7.19,9.586666666666668,1.303894297635605
0,U/B Botane Rosé 2022 kartonkitölkki,12.5,1.0,9.59,9.59,1.3034410844629822
0,Gato Negro Cabernet Sauvignon Shiraz kartonkitölkki,13.0,1.0,9.98,9.98,1.3026052104208417
0,Espiritu de Chile Viajero Shiraz Cabernet 2022 kartonkitölkki,13.0,1.0,9.99,9.99,1.3013013013013013
0,Grapeful Chardonnay Organic 2022 kartonkitölkki,13.0,1.0,9.99,9.99,1.3013013013013013
0,Hope Reserve Winemaker's Selection White 2021 hanapakkaus,13.0,3.0,29.98,9.993333333333334,1.3008672448298866
0,Rajaton Harmonia 2021 hanapakkaus,13.0,3.0,29.98,9.993333333333334,1.3008672448298866
0,U by Undurraga Cabernet Sauvignon Merlot Syrah 2021 hanapakkaus,13.0,3.0,29.98,9.993333333333334,1.3008672448298866
0,Gato Negro Cabernet Sauvignon 2022 hanapakkaus,13.0,3.0,29.98,9.993333333333334,1.3008672448298866
0,Tarapacá Santa Cecilia Merlot Carmenère 2022 hanapakkaus,13.0,3.0,29.98,9.993333333333334,1.3008672448298866
0,Casa Nostra Appassimento hanapakkaus,13.0,3.0,29.98,9.993333333333334,1.3008672448298866
0,Chymos Väkevä Päärynä muovipullo,15.0,0.75,8.69,11.586666666666666,1.2945914844649022
0,Mosaic Blanco kartonkitölkki,11.5,1.0,8.89,8.89,1.293588301462317
0,Pohjan Poika Viina muovipullo,35.0,0.7,18.99,27.128571428571426,1.29015271195366
0,99 Rosas Organic White Wine 2022 kartonkitölkki,12.5,1.0,9.69,9.69,1.2899896800825594
0,Quinta da Espiga Reserva 2019 muovipullo,13.5,1.0,10.48,10.48,1.2881679389312977
0,Big Mouth Sassy Red hanapakkaus,13.0,3.0,30.29,10.096666666666666,1.2875536480686696
0,Pirkko Shiraz 2020 kartonkitölkki,13.5,1.0,10.49,10.49,1.286939942802669
0,Boca Mar Tinto 2020,14.5,0.75,8.49,11.32,1.2809187279151943
0,Chymos Vadelma Kimara muovipullo,15.0,0.75,8.79,11.719999999999999,1.279863481228669
0,Expedition Chardonnay 2022 muovipullo,14.0,1.0,10.98,10.98,1.2750455373406193
0,Juno Shiraz 2021 kartonkitölkki,14.0,1.0,10.99,10.99,1.2738853503184713
0,Panic Button hanapakkaus,14.0,3.0,32.99,10.996666666666668,1.2731130645650195
0,Viña Albali Verdejo Organic 2022 hanapakkaus,12.5,3.0,29.49,9.83,1.271617497456765
0,Koskenkorva Viina,38.0,0.7,20.98,29.971428571428575,1.2678741658722592
0,Versus White 2022,13.5,0.75,7.99,10.653333333333334,1.26720901126408
0,Katse La Mirada Organic Tempranillo Syrah 2022 hanapakkaus,13.5,3.0,31.99,10.663333333333332,1.2660206314473275
0,Woodie Rosé 2022 kartonkitölkki,13.0,1.0,10.28,10.28,1.2645914396887161
0,Casas Patronales Rosia kartonkitölkki,12.5,1.0,9.90,9.9,1.2626262626262625
0,Highland Reserve,40.0,0.7,22.19,31.700000000000003,1.2618296529968454
0,Haddington House,40.0,0.7,22.19,31.700000000000003,1.2618296529968454
0,Bardinet VSOP,36.0,0.7,19.99,28.557142857142857,1.2606303151575788
0,Bird's Tree Red 2020 hanapakkaus,13.0,3.0,30.98,10.326666666666666,1.2588766946417045
0,Glenwood muovipullo,40.0,1.0,31.90,31.9,1.2539184952978057
0,Espíritu de Chile Sauvignon Blanc 2022,12.5,0.75,7.48,9.973333333333334,1.2533422459893047
0,Grand Sud Merlot Rose 2021,12.5,1.0,9.98,9.98,1.25250501002004
0,Minty Icy Strawberry,25.0,0.5,9.98,19.96,1.25250501002004
0,La Umbra Riesling Italico 2021 kartonkitölkki,13.0,1.0,10.38,10.38,1.2524084778420037
0,Lithuanian Vodka Classic muovipullo,37.5,0.5,14.98,29.96,1.2516688918558077
0,Pearly Bay Dry White kartonkitölkki,12.0,1.0,9.59,9.59,1.251303441084463
0,Pop Up Season Chardonnay 2021 kartonkitölkki,12.5,1.0,9.99,9.99,1.2512512512512513
0,Lobetia Organic Rosé 2021 kartonkitölkki,12.5,1.0,9.99,9.99,1.2512512512512513
0,Espiritu de Chile Fresh & Fruity Sauvignon Blanc kartonkitölkki,12.5,1.0,9.99,9.99,1.2512512512512513
0,Gilbey's Gin,37.5,0.7,20.98,29.971428571428575,1.2511916110581505
0,Winemalia White Bear Blend Sauvignon Blanc Chardonnay 2023 hanapakkaus,12.5,3.0,29.98,9.993333333333334,1.2508338892595063
0,Escapada Branco 2022 hanapakkaus,12.5,3.0,29.98,9.993333333333334,1.2508338892595063
0,Portuga Red 2021 hanapakkaus,12.5,3.0,29.98,9.993333333333334,1.2508338892595063
0,Galodoro Winemaker's Red hanapakkaus,12.5,3.0,29.98,9.993333333333334,1.2508338892595063
0,Setencostas Fresh & Fruity 2022 hanapakkaus,12.5,3.0,29.98,9.993333333333334,1.2508338892595063
0,Gato Negro Chardonnay 2023 hanapakkaus,12.5,3.0,29.98,9.993333333333334,1.2508338892595063
0,Woodie Rosé 2021 hanapakkaus,12.5,3.0,29.98,9.993333333333334,1.2508338892595063
0,Gato Negro Sauvignon Blanc 2023 hanapakkaus,12.5,3.0,29.98,9.993333333333334,1.2508338892595063
0,Johan Freitag Vodka,40.0,0.5,15.99,31.98,1.2507817385866167
0,Lord Calvert muovipullo,40.0,0.7,22.49,32.128571428571426,1.2449977767896845
0,Esbjaerg Vodka,40.0,0.7,22.52,32.17142857142857,1.2433392539964476
0,Passi Reali Organic Passione 2021 hanapakkaus,14.5,3.0,34.99,11.663333333333334,1.2432123463846814
0,Maze Shiraz Cabernet Sauvignon 2021 hanapakkaus,14.5,3.0,34.99,11.663333333333334,1.2432123463846814
0,Barra Oak Bay Dark,37.5,0.7,21.13,30.185714285714287,1.2423095125414103
0,Cape Original Shiraz Cabernet Sauvignon Organic 2021 kartonkitölkki,13.5,1.0,10.89,10.89,1.2396694214876032
0,The Highland Way muovipullo,40.0,1.0,32.27,32.27,1.2395413696932134
0,Espíritu de Chile Cabernet Carmenere Shiraz kartonkitölkki,13.0,1.0,10.49,10.49,1.2392755004766445
0,Expedition Torrontés Chardonnay 2022 kartonkitölkki,13.0,1.0,10.49,10.49,1.2392755004766445
0,Lisbonita 2020 kartonkitölkki,13.0,1.0,10.49,10.49,1.2392755004766445
0,Passento kartonkitölkki,13.0,1.0,10.49,10.49,1.2392755004766445
0,Hardys VR Chardonnay 2022 hanapakkaus,13.0,3.0,31.48,10.493333333333334,1.2388818297331639
0,Rhum Negrita Dark Signature,37.5,0.7,21.19,30.271428571428576,1.238791882963662
0,Liisa Bobal Rosé 2021 kartonkitölkki,12.0,1.0,9.69,9.69,1.238390092879257
0,Piqueras Sauvignon Verdejo 2022 hanapakkaus,12.5,3.0,30.29,10.096666666666666,1.2380323539121822
0,In The Mood Chenin Blanc 2021 hanapakkaus,12.5,3.0,30.29,10.096666666666666,1.2380323539121822
0,Cerro Blanco kartonkitölkki,11.5,1.0,9.29,9.29,1.2378902045209905
0,Courriere Napoleon Finest VSOP,36.0,0.7,20.38,29.114285714285714,1.2365063788027477
0,Koskenkorva Spirit Drink 21% muovipullo,21.0,1.0,16.99,16.99,1.2360211889346675
0,LAB Fresh & Fruity Branco White  2022 hanapakkaus,12.5,3.0,30.34,10.113333333333333,1.2359920896506262
0,2u Duas Uvas Branco White 2022 hanapakkaus,12.5,3.0,30.34,10.113333333333333,1.2359920896506262
0,Crazy Cat Chenin Blanc 2023 hanapakkaus,12.5,3.0,30.34,10.113333333333333,1.2359920896506262
0,LAB Rose 2022 hanapakkaus,12.5,3.0,30.34,10.113333333333333,1.2359920896506262
0,Highland Queen,40.0,0.7,22.69,32.41428571428572,1.2340237990304097
0,Leijona Viina,32.0,0.5,12.98,25.96,1.2326656394453004
0,Gato Negro Rosé 2021 hanapakkaus,12.5,3.0,30.49,10.163333333333332,1.2299114463758611
0,Gato Negro Pinot Noir 2020 muovipullo,13.5,1.0,10.98,10.98,1.2295081967213115
0,Fortuna muovipullo,13.5,1.0,10.98,10.98,1.2295081967213115
0,Sam Barton 5 Years Old,40.0,0.7,22.78,32.542857142857144,1.2291483757682178
0,Bello Organic Vino Rosso 2021 kartonkitölkki,13.5,1.0,10.99,10.99,1.2283894449499544
0,Expedition Cabernet Sauvignon 2022 kartonkitölkki,13.5,1.0,10.99,10.99,1.2283894449499544
0,Icono Selección Especial hanapakkaus,13.5,2.0,21.98,10.99,1.2283894449499544
0,Two Oceans Shiraz 2022 hanapakkaus,13.5,3.0,32.99,10.996666666666668,1.2276447408305546
0,Inception Deep Layered Red 2020 hanapakkaus,13.5,3.0,32.99,10.996666666666668,1.2276447408305546
0,Turtle Dreaming 2021 hanapakkaus,13.5,3.0,32.99,10.996666666666668,1.2276447408305546
0,Neleman Wine in Books Organic Red 2020 hanapakkaus,13.5,3.0,32.99,10.996666666666668,1.2276447408305546
0,Campo Viejo Winemakers' Blend 2020 hanapakkaus,13.5,3.0,32.99,10.996666666666668,1.2276447408305546
0,Hehkuviini,22.0,0.75,13.48,17.973333333333333,1.2240356083086055
0,Petó Organic 2021 hanapakkaus,13.0,3.0,31.88,10.626666666666667,1.2233375156838142
0,Santa Helena Varietal Cabernet Sauvignon 2021,13.0,0.75,7.98,10.64,1.2218045112781954
0,Koskenkorva Viina 30% muovipullo,30.0,0.5,12.28,24.56,1.221498371335505
0,Manos Libre Viura Sauvignon Blanc Organic 2022 hanapakkaus,13.0,3.0,31.94,10.646666666666667,1.2210394489668128
0,Frontera Cabernet Sauvignon 2022 hanapakkaus,12.0,3.0,29.49,9.83,1.2207527975584944
0,Sunrise Sauvignon Blanc Chardonnay 2022 hanapakkaus,12.0,3.0,29.49,9.83,1.2207527975584944
0,Gato Negro Cabernet Sauvignon 2022,13.0,0.75,7.99,10.653333333333334,1.2202753441802252
0,Tarapacá Santa Cecilia Merlot 2021,13.0,0.75,7.99,10.653333333333334,1.2202753441802252
0,Tarapacá Santa Cecilia Chardonnay 2023,13.0,0.75,7.99,10.653333333333334,1.2202753441802252
0,Tarapacá Santa Cecilia Cabernet Sauvignon 2022,13.0,0.75,7.99,10.653333333333334,1.2202753441802252
0,Murviedro Eko Monastrell 2021,13.0,0.75,7.99,10.653333333333334,1.2202753441802252
0,Koskenkorva Spirit Drink Organic muovipullo,24.0,1.0,19.68,19.68,1.2195121951219512
0,9 Lives Alluring Red Blend 2022 hanapakkaus,13.0,3.0,31.98,10.66,1.2195121951219512
0,Inception Irresistible White Blend 2022 hanapakkaus,13.0,3.0,31.99,10.663333333333332,1.2191309784307598
0,Chill Out Chardonnay Australia 2022 hanapakkaus,13.0,3.0,31.99,10.663333333333332,1.2191309784307598
0,Chill Out Shiraz Rosé 2022 hanapakkaus,13.0,3.0,31.99,10.663333333333332,1.2191309784307598
0,Viru Valge Vodka,40.0,0.7,22.98,32.82857142857143,1.2184508268059182
0,The Claymore,40.0,0.7,22.99,32.84285714285714,1.2179208351457156
0,Fair & Square Red 2023 kartonkitölkki,13.0,1.0,10.68,10.68,1.2172284644194757
0,Viña Maipo Sauvignon Blanc 2021 hanapakkaus,12.0,3.0,29.59,9.863333333333333,1.2166272389320716
0,Fair & Square White 2023 kartonkitölkki,12.5,1.0,10.28,10.28,1.2159533073929962
0,Pop Up Season Rosé kartonkitölkki,12.0,1.0,9.88,9.88,1.214574898785425
0,Albero Chardonnay kartonkitölkki,12.0,1.0,9.88,9.88,1.214574898785425
0,Castillo de Gredos Blanco Organic kartonkitölkki,12.0,1.0,9.88,9.88,1.214574898785425
0,Beehive VSOP muovipullo,40.0,0.5,16.48,32.96,1.2135922330097086
0,Kaatoryyppy muovipullo,32.0,0.35,9.23,26.371428571428574,1.2134344528710725
0,Highland Bird,40.0,0.7,23.08,32.97142857142857,1.2131715771230505
0,Chill Out Shiraz Cabernet Sauvignon Australia 2021 kartonkitölkki,14.5,0.75,8.98,11.973333333333334,1.211024498886414
0,Ron Cabana Blanco muovipullo,37.5,0.7,21.68,30.97142857142857,1.2107933579335792
0,Il Barone Rosso 2022 hanapakkaus,12.5,3.0,30.98,10.326666666666666,1.2104583602324082
0,Alpha Chardonnay hanapakkaus,12.5,3.0,30.98,10.326666666666666,1.2104583602324082
0,Casas Patronales Crisp hanapakkaus,12.5,3.0,30.98,10.326666666666666,1.2104583602324082
0,Luna Negra Chardonnay hanapakkaus,13.0,2.0,21.48,10.74,1.2104283054003724
0,Luna Negra Merlot hanapakkaus,13.0,2.0,21.48,10.74,1.2104283054003724
0,Rhum Negrita White Signature,37.5,0.7,21.69,30.98571428571429,1.2102351313969568
0,Gold Dust Signature Red Blend 2022 hanapakkaus,13.5,3.0,33.48,11.159999999999998,1.209677419354839
0,Footmark Pinotage 2022,14.5,0.75,8.99,11.986666666666666,1.2096774193548387
0,Evergreen Touch of Nature Monastrell Organic 2022 muovipullo,14.5,1.0,11.99,11.99,1.2093411175979982
0,Mayu Reserva Syrah Appassimento hanapakkaus,14.5,3.0,35.99,11.996666666666668,1.208669074742984
0,Quinta do Espirito Santo Red 2019 hanapakkaus,14.5,3.0,35.99,11.996666666666668,1.208669074742984
0,Pearly Bay Dry White hanapakkaus,12.0,3.0,29.85,9.950000000000001,1.2060301507537687
0,La Maschera Ok Rose 2020 kartonkitölkki,13.0,1.0,10.78,10.78,1.2059369202226347
0,Label 5 muovipullo,40.0,0.5,16.59,33.18,1.2055455093429777
0,Viña Maipo Cabernet Sauvignon 2022 hanapakkaus,12.0,3.0,29.88,9.959999999999999,1.2048192771084338
0,Frontera Chardonnay 2022 hanapakkaus,12.0,3.0,29.88,9.959999999999999,1.2048192771084338
0,Viña Maipo Rosé 2022 hanapakkaus,12.0,3.0,29.88,9.959999999999999,1.2048192771084338
0,Viña Maipo Chardonnay 2022 hanapakkaus,12.0,3.0,29.88,9.959999999999999,1.2048192771084338
0,Sir Edward's Smoky,40.0,0.7,23.28,33.25714285714286,1.2027491408934707
0,Gato Negro Sauvignon Blanc kartonkitölkki,12.0,1.0,9.98,9.98,1.2024048096192383
0,Frisky Zebras Sensuous Sauvignon Blanc kartonkitölkki,12.0,1.0,9.98,9.98,1.2024048096192383
0,Wine Tunes Rock'n Riesling 2022 kartonkitölkki,12.0,1.0,9.99,9.99,1.2012012012012012
0,Tronnes Napoléon muovipullo,36.0,0.7,20.98,29.971428571428575,1.2011439466158245
0,I.L.O. Organic Primitivo 2021 hanapakkaus,15.0,2.0,24.98,12.49,1.200960768614892
0,Ricossa Cortese Chardonnay hanapakkaus,12.0,3.0,29.98,9.993333333333334,1.200800533689126
0,Frame Pinot Blanc & Riesling 2021 hanapakkaus,12.0,3.0,29.98,9.993333333333334,1.200800533689126
0,Good Vibes Rosé 2021 hanapakkaus,12.0,3.0,29.98,9.993333333333334,1.200800533689126
0,Corona Finest Napoleon muovipullo,36.0,0.7,20.99,29.985714285714284,1.2005717008099095
0,Nederburg Winemasters Cabernet Sauvignon 2020 hanapakkaus,14.0,3.0,34.99,11.663333333333334,1.200342955130037
0,LAB Reserva 2021 hanapakkaus,14.0,3.0,34.99,11.663333333333334,1.200342955130037
0,Glen Scanlan muovipullo,40.0,0.7,23.36,33.371428571428574,1.1986301369863013
0,Ponte Villoni Montepulciano d'Abruzzo 2020 hanapakkaus,12.5,3.0,31.29,10.43,1.1984659635666348
0,Scottish Leader,40.0,1.0,33.39,33.39,1.1979634621144055
0,Kuronen Organic Red 2020 muovipullo,13.5,1.0,11.28,11.28,1.196808510638298
0,Lisa 1503 Rosso D'artista hanapakkaus,13.5,3.0,33.90,11.299999999999999,1.1946902654867257
0,Cerro Rosé kartonkitölkki,13.0,1.0,10.89,10.89,1.1937557392102847
0,Nobenaps Organic Blackcurrant Peppermint,38.0,0.5,15.92,31.84,1.1934673366834172
0,Graffigna Elixio Cabernet Sauvignon 2022,13.5,0.75,8.49,11.32,1.1925795053003534
0,Spinyback Pinot Gris 2021 hanapakkaus,13.5,1.5,16.99,11.326666666666666,1.1918775750441437
0,Ricossa Barbera Nebbiolo 2022 hanapakkaus,13.5,3.0,33.98,11.326666666666666,1.1918775750441437
0,Vite Mia Vino Biologico Rosso 2020 hanapakkaus,13.5,3.0,33.98,11.326666666666666,1.1918775750441437
0,Camden Park Cabernet Sauvignon Shiraz 2021 hanapakkaus,13.5,3.0,33.98,11.326666666666666,1.1918775750441437
0,Espiritu de Chile Viajero Rose 2022 kartonkitölkki,12.5,1.0,10.49,10.49,1.1916110581506196
0,Origin Organic Tempranillo Merlot 2021 kartonkitölkki,13.5,0.75,8.50,11.333333333333334,1.1911764705882353
0,Tasavalta Viina muovipullo,28.0,0.7,16.49,23.557142857142857,1.1885991510006064
0,Montalto Syrah 2022 muovipullo,14.0,1.0,11.78,11.78,1.1884550084889645
0,Label 5,40.0,0.7,23.56,33.65714285714286,1.1884550084889642
0,Los Molinos Airén-Verdejo,12.0,0.75,7.59,10.12,1.1857707509881423
0,Saunalahden Viina 27 % muovipullo,27.0,0.5,11.39,22.78,1.1852502194907812
0,The Sugar Skull 2021 kartonkitölkki,11.0,1.0,9.29,9.29,1.1840688912809474
0,Tommolo Organic Montepulciano d'Abruzzo 2021 hanapakkaus,13.0,3.0,32.95,10.983333333333334,1.1836115326251895
0,Kiroileva Viini Syrah Rosé 2022 kartonkitölkki,13.0,1.0,10.99,10.99,1.1828935395814377
0,Camden Park Shiraz Petit Verdot Cabernet Sauvignon 2021 kartonkitölkki,13.0,1.0,10.99,10.99,1.1828935395814377
0,Relax it's Only Wine 2021 kartonkitölkki,13.0,1.0,10.99,10.99,1.1828935395814377
0,Smooth Escape Riverland Shiraz Cabernet Sauvignon 2022 muovipullo,13.0,1.0,10.99,10.99,1.1828935395814377
0,Pirkko Rosé 2022 kartonkitölkki,13.0,1.0,10.99,10.99,1.1828935395814377
0,Kolme Leijonaa muovipullo,40.0,0.7,23.68,33.82857142857143,1.1824324324324325
0,Crazy Cat Shiraz hanapakkaus,13.0,3.0,32.99,10.996666666666668,1.1821764170960896
0,Leva Chardonnay Dimiat & Muscat 2021 hanapakkaus,13.0,3.0,32.99,10.996666666666668,1.1821764170960896
0,Pata Negra Tempranillo Barrel Aged 2021 hanapakkaus,13.0,3.0,32.99,10.996666666666668,1.1821764170960896
0,Leva Riesling 2022 hanapakkaus,12.0,3.0,30.48,10.16,1.1811023622047243
0,MG by MontGras Pinot Noir 2020,13.0,0.75,8.26,11.013333333333334,1.1803874092009685
0,Suomi Viina 21 % muovipullo,21.0,0.7,12.48,17.82857142857143,1.1778846153846154
0,Puolustuslaitos Viinaa lahjapakkaus,40.0,0.5,16.99,33.98,1.1771630370806359
0,Dry Anis muovipullo,40.0,0.5,16.99,33.98,1.1771630370806359
0,Santa Helena Varietal Chardonnay 2022,12.5,0.75,7.98,10.64,1.1748120300751879
0,Santa Helena Varietal Sauvignon Blanc 2022,12.5,0.75,7.98,10.64,1.1748120300751879
0,Porta 6 Tinto 2019 hanapakkaus,13.5,3.0,34.48,11.493333333333332,1.1745939675174015
0,Don Simon Nature Cabernet Sauvignon,12.5,0.75,7.99,10.653333333333334,1.1733416770963703
0,Gato Negro Chardonnay 2023,12.5,0.75,7.99,10.653333333333334,1.1733416770963703
0,Stony Cape Chenin Blanc 2022,12.5,0.75,7.99,10.653333333333334,1.1733416770963703
0,Gato Negro Sauvignon Blanc 2022,12.5,0.75,7.99,10.653333333333334,1.1733416770963703
0,Murviedro Planet B Bobal Tempranillo Organic 2022,14.0,0.75,8.95,11.933333333333332,1.1731843575418996
0,Propeller Dark Rum,37.5,0.5,15.99,31.98,1.172607879924953
0,Propeller White Rum,37.5,0.5,15.99,31.98,1.172607879924953
0,Bons Ventos 2022 hanapakkaus,12.5,3.0,31.99,10.663333333333332,1.1722413254141921
0,Espíritu de Chile Cabernet Carmenère hanapakkaus,12.5,3.0,31.99,10.663333333333332,1.1722413254141921
0,Curvos 2021 hanapakkaus,12.5,3.0,31.99,10.663333333333332,1.1722413254141921
0,Espíritu de Chile Gewürztraminer Semillon hanapakkaus,12.5,3.0,31.99,10.663333333333332,1.1722413254141921
0,Quargentan Bianco kartonkitölkki,11.0,1.0,9.39,9.39,1.1714589989350372
0,Loyalty Vinho Tinto Portugal 2020 hanapakkaus,13.0,2.25,24.99,11.106666666666666,1.17046818727491
0,Massimo Grande Rosso Organic 2022 hanapakkaus,13.0,4.5,49.98,11.106666666666666,1.17046818727491
0,Wolf Blass Red Label Shiraz Merlot Durif 2021 hanapakkaus,14.0,3.0,35.89,11.963333333333333,1.1702424073558095
0,Koskenkorva Luomu Viina muovipullo,30.0,0.35,8.99,25.685714285714287,1.167964404894327
0,Felix Solis Peñasol Semidulce Blanco kartonkitölkki,10.5,1.0,8.99,8.99,1.167964404894327
0,Icono Cabernet Sauvignon 2020,14.0,0.75,8.99,11.986666666666666,1.167964404894327
0,Felix Solis Peñasol Semidulce Tinto kartonkitölkki,10.5,1.0,8.99,8.99,1.167964404894327
0,Caballo de Mendoza,14.0,0.75,8.99,11.986666666666666,1.167964404894327
0,Baltic Light muovipullo,37.5,0.7,22.48,32.114285714285714,1.1677046263345197
0,LAB Best In Show Red 2021 hanapakkaus,14.0,2.0,23.98,11.99,1.1676396997497915
0,Kolme Leijonaa Savu muovipullo,40.0,0.7,23.98,34.25714285714286,1.1676396997497913
0,Adobe Carmenere Cabernet Sauvignon 2022 hanapakkaus,13.5,3.0,34.69,11.563333333333333,1.1674834246180457
0,Stumbras Vodka Rye,37.5,0.7,22.49,32.128571428571426,1.1671854157403292
0,Koskenkorva Vodka 40 %,40.0,0.7,23.99,34.27142857142857,1.1671529804085035
0,Long John,40.0,0.7,23.99,34.27142857142857,1.1671529804085035
0,Vat 69,40.0,0.7,23.99,34.27142857142857,1.1671529804085035
0,Hope Grand Reserve 2022 hanapakkaus,14.0,3.0,35.99,11.996666666666668,1.1669908307863295
0,Zensa Rosso Organico 2022 hanapakkaus,14.0,3.0,35.99,11.996666666666668,1.1669908307863295
0,Raimat Abadía Cabernet Sauvignon Tempranillo Organic 2021 hanapakkaus,14.0,3.0,35.99,11.996666666666668,1.1669908307863295
0,Lindeman's Bin 50 Shiraz 2021 hanapakkaus,14.0,3.0,35.99,11.996666666666668,1.1669908307863295
0,Vinistella Appassimento La Passione Organico 2022 hanapakkaus,14.0,3.0,35.99,11.996666666666668,1.1669908307863295
0,Crudo Nero D’Avola Cabernet Sauvignon 2021 hanapakkaus,14.0,3.0,35.99,11.996666666666668,1.1669908307863295
0,Epicuro Rosso 2019,13.5,0.75,8.68,11.573333333333332,1.1664746543778803
0,B. Ink by Grant Burge Red Blend 2020 hanapakkaus,14.5,1.5,18.67,12.446666666666667,1.1649705409748259
0,Cerro Tinto Organic Tempranillo Shiraz kartonkitölkki,13.0,0.75,8.39,11.186666666666667,1.1620977353992847
0,Stug Röd Organic 2022 hanapakkaus,12.0,3.0,30.98,10.326666666666666,1.1620400258231118
0,Stony Cape Chenin Blanc hanapakkaus,12.0,3.0,30.98,10.326666666666666,1.1620400258231118
0,Hardys BIN 343 Cabernet Shiraz 2021,13.0,0.75,8.40,11.200000000000001,1.1607142857142856
0,Blossom Rosé 2022 kartonkitölkki,12.5,1.0,10.78,10.78,1.1595547309833025
0,Magyar Feher Bor kartonkitölkki,11.0,1.0,9.49,9.49,1.1591148577449948
0,Rommiviina muovipullo,37.5,0.5,16.19,32.38,1.1581222977146386
0,Bardinet VSOP muovipullo,36.0,0.35,10.88,31.08571428571429,1.1580882352941175
0,Quinta das Setencostas 2019 hanapakkaus,13.5,3.0,34.99,11.663333333333334,1.1574735638753928
0,Montalto Rosso Passivento hanapakkaus,13.5,3.0,34.99,11.663333333333334,1.1574735638753928
0,Marqués de Nombrevilla Mountain Garnacha 2021 hanapakkaus,13.5,3.0,34.99,11.663333333333334,1.1574735638753928
0,Barahonda Carro Organic Monastrell hanapakkaus,13.5,3.0,34.99,11.663333333333334,1.1574735638753928
0,Merino Organic 2022 hanapakkaus,13.5,3.0,34.99,11.663333333333334,1.1574735638753928
0,Viña Maipo Chardonnay 2022,12.0,0.75,7.78,10.373333333333333,1.1568123393316196
0,Sunrise Cabernet Sauvignon 2021,12.0,0.75,7.78,10.373333333333333,1.1568123393316196
0,Viña Maipo Cabernet Sauvignon 2022,12.0,0.75,7.78,10.373333333333333,1.1568123393316196
0,Pearly Bay Dry White,12.0,0.75,7.78,10.373333333333333,1.1568123393316196
0,Frontera Cabernet Sauvignon 2022,12.0,0.75,7.78,10.373333333333333,1.1568123393316196
0,Frontera Chardonnay 2022,12.0,0.75,7.78,10.373333333333333,1.1568123393316196
0,Vino Happy Go Lucky 2020 hanapakkaus,13.0,1.5,16.88,11.253333333333332,1.1552132701421802
0,Koskenkorva Vadelma-Punaherukka Viina muovipullo,30.0,0.5,12.99,25.98,1.1547344110854503
0,Magyar Fehér Bor hanapakkaus,11.5,3.0,29.88,9.959999999999999,1.1546184738955825
0,KWV Chenin Blanc Muscat d'Alexandrie 2022 hanapakkaus,12.5,3.0,32.49,10.83,1.154201292705448
0,La Viande Merlot kartonkitölkki,13.0,1.0,11.29,11.29,1.1514614703277237
0,Topo White 2022 kartonkitölkki,11.5,1.0,9.99,9.99,1.1511511511511512
0,Tyyne Rosé 2021 kartonkitölkki,11.5,1.0,9.99,9.99,1.1511511511511512
0,Cape Original Fruity & Tropical 2023 kartonkitölkki,11.5,1.0,9.99,9.99,1.1511511511511512
0,Quomo Organic 2022 hanapakkaus,11.5,3.0,29.98,9.993333333333334,1.1507671781187458
0,Scottish Leader muovipullo,40.0,0.5,17.39,34.78,1.1500862564692351
0,Intimista Tinto,13.0,0.75,8.49,11.32,1.1484098939929328
0,Espíritu de Chile Shiraz Cabernet 2022,13.0,0.75,8.49,11.32,1.1484098939929328
0,The Wanted Zin 2021 hanapakkaus,14.0,3.0,36.58,12.193333333333333,1.1481683980317112
0,Botter Pinot Bianco 2022,12.0,1.5,15.68,10.453333333333333,1.1479591836734695
0,Lindeman's Shiraz Cabernet 2021 hanapakkaus,13.0,3.0,33.98,11.326666666666666,1.14773396115362
0,JP. Chenet Cabernet Syrah 2021 hanapakkaus,13.0,3.0,33.98,11.326666666666666,1.14773396115362
0,Vite Mia Biologico Bianco 2020 hanapakkaus,13.0,3.0,33.98,11.326666666666666,1.14773396115362
0,Casillero del Diablo Malbec 2021 hanapakkaus,13.0,3.0,33.98,11.326666666666666,1.14773396115362
0,Soberano Solera,36.0,0.7,21.98,31.400000000000002,1.1464968152866242
0,Finsbury Wild Strawberry,37.5,0.7,22.90,32.714285714285715,1.1462882096069869
0,Finsbury London Dry Gin,37.5,0.7,22.90,32.714285714285715,1.1462882096069869
0,Leo muovipullo,12.5,0.75,8.19,10.92,1.1446886446886446
0,Essence Organic Rosé 2021 hanapakkaus,12.0,3.0,31.48,10.493333333333334,1.1435832274459974
0,Two Oceans Fresh & Fruity White 2023 hanapakkaus,12.0,3.0,31.48,10.493333333333334,1.1435832274459974
0,Dry Vodka muovipullo,40.0,0.5,17.49,34.98,1.1435105774728418
0,Saaremaa Vodka muovipullo,40.0,0.5,17.49,34.98,1.1435105774728418
0,Gibson's London Dry Gin,37.5,0.7,22.98,32.82857142857143,1.1422976501305482
0,Saaremaa Ore Gin,37.5,0.7,22.98,32.82857142857143,1.1422976501305482
0,Big Mouth Luscious White hanapakkaus,11.5,3.0,30.29,10.096666666666666,1.1389897655992078
0,Riesberg Premium Riesling 2020 hanapakkaus,11.0,3.0,28.98,9.66,1.1387163561076605
0,Santa Helena White Blend 2022 muovipullo,12.5,1.0,10.98,10.98,1.1384335154826957
0,Label 5 Bourbon Barrel Single Grain,40.0,0.7,24.60,35.142857142857146,1.1382113821138211
0,Pirkko Sauvignon Blanc 2022 kartonkitölkki,12.5,1.0,10.99,10.99,1.1373976342129208
0,Il Barone Vino Blanco Organico 2022 hanapakkaus,11.5,3.0,30.34,10.113333333333333,1.1371127224785762
0,Barra Oak Bay Dark muovipullo,37.5,0.5,16.49,32.98,1.1370527592480293
0,Casa Santos Lima Fortíssimo 2020 hanapakkaus,14.0,3.0,36.98,12.326666666666666,1.1357490535424555
0,Castillo de Molina Reserva Cabernet Sauvignon 2019 hanapakkaus,14.0,3.0,36.98,12.326666666666666,1.1357490535424555
0,Pop Up Season Organic Red 2021 muovipullo,13.5,1.0,11.89,11.89,1.1354079058031958
0,Stirling Pink Gin,37.5,0.5,16.59,33.18,1.1301989150090417
0,Je Suis Rouge 2020 muovipullo,13.5,1.0,11.97,11.97,1.1278195488721805
0,Pop Up Season Cabernet Sauvignon Syrah Rosé  2023 muovipullo,13.5,1.0,11.97,11.97,1.1278195488721805
0,Tähtiglögi Luomu,15.0,0.75,9.98,13.306666666666667,1.1272545090180361
0,Katse Organic Tempranillo 2022 muovipullo,13.5,1.0,11.98,11.98,1.1268781302170283
0,Hilly Red Cuvée 2019 muovipullo,13.5,1.0,11.98,11.98,1.1268781302170283
0,Norton Colección de los Andes Cabernet Sauvignon Malbec 2022 kartonkitölkki,13.5,1.0,11.98,11.98,1.1268781302170283
0,Cono Sur Tocornal Cabernet Sauvignon 2021,12.0,0.75,7.99,10.653333333333334,1.1264080100125156
0,Espiritu de Chile Semi Sweet Sauvignon Blanc 2022,12.0,0.75,7.99,10.653333333333334,1.1264080100125156
0,Frontera White Blend 2022,12.0,0.75,7.99,10.653333333333334,1.1264080100125156
0,Adobe Organic Chardonnay 2022 viinipussi,13.5,1.5,17.98,11.986666666666666,1.1262513904338154
0,Katse Organic Red Blend 2021,13.5,0.75,8.99,11.986666666666666,1.1262513904338154
0,Casas Patronales Selected Reserve Merlot 2022,13.5,0.75,8.99,11.986666666666666,1.1262513904338154
0,Adobe Merlot Cabernet Sauvignon Syrah 2022 viinipussi,13.5,1.5,17.98,11.986666666666666,1.1262513904338154
0,Frontera Tempranillo 2021 viinipussi,13.5,1.5,17.98,11.986666666666666,1.1262513904338154
0,Vinhas do Ocidente 2022,13.5,0.75,8.99,11.986666666666666,1.1262513904338154
0,2U Duas Uvas Red 2021 viinipussi,13.5,1.5,17.98,11.986666666666666,1.1262513904338154
0,19 Crimes Revolutionary Rosé 2021 hanapakkaus,13.5,1.5,17.98,11.986666666666666,1.1262513904338154
0,Footmark Smooth Red 2022,13.5,0.75,8.99,11.986666666666666,1.1262513904338154
0,Castillo Montroy Reserva 2019,13.5,0.75,8.99,11.986666666666666,1.1262513904338154
0,Monte dos Amigos Entertaining Red 2021,13.5,0.75,8.99,11.986666666666666,1.1262513904338154
0,Prado Pastis,45.0,0.5,19.98,39.96,1.1261261261261262
0,Last Mango muovipullo,15.0,0.75,9.99,13.32,1.1261261261261262
0,Mustaherukka Väkevä Viini muovipullo,15.0,0.75,9.99,13.32,1.1261261261261262
0,Vadelma Väkevä Viini muovipullo,15.0,0.75,9.99,13.32,1.1261261261261262
0,Last Mandarin muovipullo,15.0,0.75,9.99,13.32,1.1261261261261262
0,Last Pineapple muovipullo,15.0,0.75,9.99,13.32,1.1261261261261262
0,Escape Shiraz Cabernet Sauvignon 2020 muovipullo,13.5,1.0,11.99,11.99,1.1259382819015846
0,Atlântico 2022 muovipullo,13.5,1.0,11.99,11.99,1.1259382819015846
0,Evergreen Touch of Nature Sauvignon Blanc 2022 muovipullo,13.5,1.0,11.99,11.99,1.1259382819015846
0,Imperial XII VSOP muovipullo,36.0,0.5,15.99,31.98,1.125703564727955
0,Loyalty Branco Portugal 2021 hanapakkaus,12.5,2.25,24.99,11.106666666666666,1.125450180072029
0,Katse Rosé 2022 hanapakkaus,12.0,3.0,31.99,10.663333333333332,1.1253516723976245
0,Antiche Terre Solo Passione Rosso hanapakkaus,13.5,3.0,35.99,11.996666666666668,1.1253125868296747
0,Sangre de Toro Organic 2021 hanapakkaus,13.5,3.0,35.99,11.996666666666668,1.1253125868296747
0,Hankey Bannister muovipullo,40.0,0.5,17.78,35.56,1.124859392575928
0,Rhum Negrita Dark Signature muovipullo,37.5,0.35,11.69,33.4,1.122754491017964
0,The Wedge Shiraz Pinotage muovipullo,14.0,1.0,12.47,12.47,1.1226944667201282
0,Suomi Viina Luomu muovipullo,24.0,0.5,10.69,21.38,1.1225444340505146
0,Status Platinum Vodka,40.0,0.7,24.98,35.68571428571429,1.120896717373899
0,Black Velvet,40.0,0.7,24.99,35.7,1.1204481792717087
0,Highland Queen Sherry Finish,40.0,0.7,24.99,35.7,1.1204481792717087
0,Crudo Catarratto Zibibbo 2022 hanapakkaus,12.5,3.0,33.48,11.159999999999998,1.1200716845878138
0,Nemiroff De Luxe,40.0,0.5,17.90,35.8,1.11731843575419
0,Hardys Bin 141 Colombard Chardonnay 2022,12.5,0.75,8.40,11.200000000000001,1.1160714285714284
0,Ruppertsberger Trocken Riesling 2022 hanapakkaus,13.0,3.0,34.99,11.663333333333334,1.1146041726207487
0,Pohjan Poika Strong Vodka muovipullo,59.0,0.2,10.59,52.949999999999996,1.1142587346553352
0,Crazy Cat Kitten Rosé Organic 2022 hanapakkaus,11.5,3.0,30.98,10.326666666666666,1.1136216914138155
0,Quinta do Espirito Santo 2019,15.0,0.75,10.11,13.479999999999999,1.112759643916914
0,Viña Maipo Cabernet Sauvignon 2022 muovipullo,12.0,1.0,10.79,10.79,1.1121408711770158
0,Viña Maipo Carmenere 2021 muovipullo,12.0,1.0,10.79,10.79,1.1121408711770158
0,FlipFlop Californian Red 2021 kartonkitölkki,13.0,1.0,11.69,11.69,1.1120615911035072
0,Koskenkorva Vodka 60% muovipullo,60.0,0.5,26.98,53.96,1.111934766493699
0,Care Tinto Sobre Lias 2022,14.5,0.75,9.79,13.053333333333333,1.1108273748723188
0,Juniper Gin muovipullo,37.5,0.5,16.88,33.76,1.110781990521327
0,Gibson's Premium Pink Distilled Gin,37.5,0.7,23.65,33.785714285714285,1.1099365750528543
0,Gibson's Blood Orange Premium Gin,37.5,0.7,23.65,33.785714285714285,1.1099365750528543
0,Baltic Dark muovipullo,37.5,0.5,16.90,33.8,1.1094674556213018
0,Fabuloso Solera,36.0,1.0,32.50,32.5,1.1076923076923078
0,Kaatoryyppy 60% muovipullo,60.0,0.35,18.98,54.228571428571435,1.1064278187565857
0,Ching Shih Dark Spiced,32.0,0.7,20.28,28.971428571428575,1.1045364891518736
0,Intimista Branco,12.5,0.75,8.49,11.32,1.1042402826855124
0,Espíritu de Chile Chardonnay Gewürztraminer 2022,12.5,0.75,8.49,11.32,1.1042402826855124
0,Twiga Hill Red 2022 viinipussi,14.5,1.5,19.70,13.133333333333333,1.104060913705584
0,Asio Otus Bianco hanapakkaus,12.5,3.0,33.98,11.326666666666666,1.103590347263096
0,Havana Club Añejo 3 Años,37.5,1.0,33.99,33.99,1.1032656663724625
0,Old Pascas Dark,37.5,1.0,33.99,33.99,1.1032656663724625
0,Magic Ice Vodka,37.5,0.2,6.80,34.0,1.1029411764705883
0,Huttunen Hedelmävalkoviini kartonkitölkki,11.0,1.0,9.98,9.98,1.1022044088176353
0,Fritz Walter Riesling Trocken 2022 kartonkitölkki,12.0,1.0,10.89,10.89,1.1019283746556474
0,Hummingbird Organic Tempranillo Rosé 2020 kartonkitölkki,11.0,1.0,9.99,9.99,1.1011011011011012
0,Ponto de Partida Rosé 2021 kartonkitölkki,11.0,1.0,9.99,9.99,1.1011011011011012
0,Chef's Table Sikke & Pipsa Bistro Edition 2020 hanapakkaus,11.0,3.0,29.98,9.993333333333334,1.1007338225483656
0,Azueira AZ Branco 2018,12.5,0.75,8.53,11.373333333333333,1.0990621336459554
0,Ruby Zin hanapakkaus,13.0,3.0,35.49,11.83,1.098901098901099
0,Tapio Sysi muovipullo,32.0,0.5,14.58,29.16,1.0973936899862826
0,Pop Up Season Sauvignon Blanc 2022 kartonkitölkki,11.5,1.0,10.49,10.49,1.09628217349857
0,Inycon Appassimento Rosso Organic 2022 muovipullo,13.5,1.5,18.48,12.32,1.0957792207792207
0,Two Oceans Shiraz Merlot 2022 viinipussi,13.5,1.5,18.48,12.32,1.0957792207792207
0,Finlandia Vodka,37.5,0.7,23.98,34.25714285714286,1.0946622185154293
0,Vikingfjord Vodka,37.5,0.7,23.98,34.25714285714286,1.0946622185154293
0,Barbados Rommi muovipullo,37.5,0.35,11.99,34.25714285714286,1.0946622185154293
0,Ihanan kamalan elämän hurmio ja turmio 2020 hanapakkaus,14.0,3.0,38.37,12.79,1.09460516028147
0,Montalto Cataratto Viognier hanapakkaus,12.0,3.0,32.89,10.963333333333333,1.0945576162967467
0,Beehive Honey muovipullo,35.0,0.5,15.99,31.98,1.0944340212632895
0,Aresti Reserva Especial Carmenère 2023 hanapakkaus,13.0,2.0,23.79,11.895,1.092896174863388
0,Silver Dry Gin muovipullo,39.0,0.35,12.49,35.68571428571429,1.0928742994395515
0,Asio Otus Pinot Grigio Organic kartonkitölkki,12.0,1.0,10.99,10.99,1.091901728844404
0,Aetos Reserva Privada Chardonnay 2021 hanapakkaus,13.0,3.0,35.74,11.913333333333334,1.0912143256855065
0,Galitos Branco 2015 hanapakkaus,13.0,5.0,59.61,11.922,1.0904210702902197
0,Buenos Aires Chardonnay Torrontés 2022 hanapakkaus,13.0,3.0,35.78,11.926666666666668,1.0899944102850754
0,Champion muovipullo,28.0,0.7,17.99,25.7,1.0894941634241246
0,762 Tumma,76.2,0.7,48.99,69.9857142857143,1.0887936313533373
0,Casa Vinironia Appassimento kartonkitölkki,14.5,0.75,9.99,13.32,1.0885885885885886
0,Juhla Glögi,20.0,0.75,13.78,18.37333333333333,1.088534107402032
0,Gnarly Head Old Vine Zinfandel 2021 hanapakkaus,14.5,3.0,39.98,13.326666666666666,1.0880440220110055
0,Evergreen Syrah 2022 kartonkitölkki,13.0,0.5,5.98,11.96,1.0869565217391304
0,Santa Helena Cabernet Sauvignon 2021 kartonkitölkki,13.0,0.5,5.98,11.96,1.0869565217391304
0,Alma Portuguesa 2022 muovipullo,13.0,1.0,11.98,11.98,1.0851419031719531
0,Santiago 1541 Syrah Cabernet Malbec 2021,13.0,0.75,8.99,11.986666666666666,1.0845383759733036
0,Viña Albali Tempranillo Organic 2021,13.0,0.75,8.99,11.986666666666666,1.0845383759733036
0,Monte da Ravasqueira Clássico 2018,13.0,0.75,8.99,11.986666666666666,1.0845383759733036
0,Bons Ventos Red 2020,13.0,0.75,8.99,11.986666666666666,1.0845383759733036
0,Chill Out Chardonnay Australia 2022 muovipullo,13.0,0.75,8.99,11.986666666666666,1.0845383759733036
0,Chill Out Merlot Spain  2021 muovipullo,13.0,0.75,8.99,11.986666666666666,1.0845383759733036
0,Radio Boka Tempranillo 2022,13.0,0.75,8.99,11.986666666666666,1.0845383759733036
0,Tarapacá Biodiversity Edition Red Blend 2021,13.0,0.75,8.99,11.986666666666666,1.0845383759733036
0,Petó Organic Red Wine,13.0,0.75,8.99,11.986666666666666,1.0845383759733036
0,Grand Sud Merlot 2022,13.0,1.0,11.99,11.99,1.0842368640533777
0,Doppio Passo Organic 2021 hanapakkaus,13.0,3.0,35.99,11.996666666666668,1.0836343428730202
0,Asio Otus Rosso hanapakkaus,13.0,3.0,35.99,11.996666666666668,1.0836343428730202
0,Finca Las Moras Reserve Chardonnay Organico 2021 hanapakkaus,13.0,3.0,35.99,11.996666666666668,1.0836343428730202
0,Finlandia Vodka muovipullo,40.0,0.5,18.48,36.96,1.0822510822510822
0,Black Velvet muovipullo,40.0,0.5,18.48,36.96,1.0822510822510822
0,Hienoa Wiinaa muovipullo,38.0,0.35,12.29,35.114285714285714,1.082180634662327
0,Marsalkka Vahva tölkki,8.2,0.5,3.79,7.58,1.0817941952506596
0,Nemiroff De Luxe Rested in Barrel Vodka,40.0,0.7,25.90,37.0,1.0810810810810811
0,Katse Felidae Organic  2021 muovipullo,13.5,1.0,12.49,12.49,1.0808646917534026
0,Inycon Appassimento Rosso Organic hanapakkaus,13.5,2.0,24.98,12.49,1.0808646917534026
0,Hollandia Strong tölkki,7.5,0.5,3.47,6.94,1.0806916426512967
0,Obolon Strong tölkki,8.6,0.5,3.98,7.96,1.0804020100502512
0,2u Duas Uvas Rose 2022,12.5,0.75,8.68,11.573333333333332,1.0800691244239633
0,2u Duas Uvas Branco White 2021,12.5,0.75,8.68,11.573333333333332,1.0800691244239633
0,Don Simon Nature Chardonnay,11.5,0.75,7.99,10.653333333333334,1.0794743429286608
0,El Tiempo Semiseco,11.5,0.75,7.99,10.653333333333334,1.0794743429286608
0,Colbert Napoleon VSOP muovipullo,36.0,0.35,11.68,33.371428571428574,1.0787671232876712
0,Dezzani Piemonte Cortese Chardonnay 2021 hanapakkaus,11.5,3.0,31.99,10.663333333333332,1.0784620193810568
0,Kentucky Gentleman,40.0,0.7,25.98,37.114285714285714,1.077752117013087
0,Bardinet XO,40.0,0.7,25.98,37.114285714285714,1.077752117013087
0,The Glenlee,40.0,0.7,25.98,37.114285714285714,1.077752117013087
0,Perdeberg SSR White tölkki,12.5,0.25,2.90,11.6,1.0775862068965518
0,Duval Pastis,45.0,0.5,20.89,41.78,1.077070368597415
0,Malmgård Strong Lager tölkki,8.5,0.5,3.95,7.9,1.0759493670886076
0,Törni Viina muovipullo,30.0,0.5,13.98,27.96,1.0729613733905579
0,Cerro Blanco Organic Verdejo Chardonnay kartonkitölkki,12.0,0.75,8.39,11.186666666666667,1.072705601907032
0,Piqueras Black Label Syrah Monastrell 2019,14.0,0.75,9.79,13.053333333333333,1.0725229826353422
0,Nobleza Medium Dry Sherry,20.0,0.75,13.99,18.653333333333332,1.0721944245889923
0,Ramos Elegant White 2022 hanapakkaus,12.5,3.0,34.99,11.663333333333334,1.0717347813661044
0,Paras Viini Ikinä 2022 hanapakkaus,12.5,3.0,34.99,11.663333333333334,1.0717347813661044
0,Moncaro Verdicchio dei Castelli di Jesi Classico Organic 2022 hanapakkaus,12.5,3.0,34.99,11.663333333333334,1.0717347813661044
0,Radio Boka Organic Rosé 2022 hanapakkaus,12.5,3.0,34.99,11.663333333333334,1.0717347813661044
0,Liemikuutio Rosé Cinsault by Huono Äiti 2021 hanapakkaus,12.5,3.0,34.99,11.663333333333334,1.0717347813661044
0,Settesoli Pinot Grigio Organic 2022 hanapakkaus,12.5,3.0,34.99,11.663333333333334,1.0717347813661044
0,Greenfield Organic VSOP muovipullo,36.0,0.5,16.80,33.6,1.0714285714285714
0,Berceo Tempranillo 2021,13.5,0.75,9.48,12.64,1.0680379746835442
0,Peregrinas Syrah 2022,13.5,0.75,9.48,12.64,1.0680379746835442
0,Barra Oak Bay White muovipullo,37.5,0.35,12.29,35.114285714285714,1.0679414157851912
0,Pastis Berger,45.0,0.7,29.50,42.142857142857146,1.0677966101694913
0,Boa Noite Lisboa 2020,14.5,0.75,10.19,13.586666666666666,1.0672227674190384
0,Montalto Rosso Organic 2020 muovipullo,13.5,0.75,9.49,12.653333333333334,1.0669125395152792
0,Casa Charlize Cuvée Forte hanapakkaus,13.5,3.0,37.99,12.663333333333334,1.0660700184259015
0,Tsantali Ouzo,38.0,0.7,24.98,35.68571428571429,1.064851881505204
0,Pukki Glögi Luomu,15.0,0.75,10.59,14.12,1.0623229461756374
0,Tronnes VSOP Reserve muovipullo,36.0,0.5,16.98,33.96,1.0600706713780919
0,Concorde VSOP 5 Years muovipullo,36.0,0.5,16.98,33.96,1.0600706713780919
0,Filarino Sangiovese Rosé 2022 hanapakkaus,12.0,3.0,33.98,11.326666666666666,1.0594467333725721
0,Viña Maipo Cabernet Sauvignon 2022 viinipussi,12.0,1.5,16.99,11.326666666666666,1.0594467333725721
0,Lush Sauvignon Blanc 2021 hanapakkaus,12.0,3.0,33.98,11.326666666666666,1.0594467333725721
0,Asio Otus Rosé hanapakkaus,12.0,3.0,33.98,11.326666666666666,1.0594467333725721
0,Kvint Divin VSOP,40.0,0.7,26.45,37.785714285714285,1.058601134215501
0,KWV The Guardian Shiraz 2020,13.5,0.75,9.58,12.773333333333333,1.0568893528183716
0,Törni Leikattu muovipullo,38.0,0.5,17.98,35.96,1.0567296996662958
0,Savon Wiinaa,38.0,0.5,17.98,35.96,1.0567296996662958
0,Courriere XO,40.0,0.7,26.50,37.85714285714286,1.0566037735849056
0,J.P. Wisers 10 Year Old Triple Barrel muovipullo,40.0,0.35,13.26,37.885714285714286,1.0558069381598794
0,Espíritu de Chile Selección Red viinipussi,13.0,1.5,18.48,12.32,1.0551948051948052
0,Azueira AZ Rose 2018,12.0,0.75,8.53,11.373333333333333,1.0550996483001172
0,Ricossa Barbera Piemonte 2022 hanapakkaus,13.0,3.0,36.98,12.326666666666666,1.0546241211465657
0,Lurton Into The Woods GSM hanapakkaus,13.0,3.0,36.98,12.326666666666666,1.0546241211465657
0,Negrita Spiced Golden,35.0,0.7,23.24,33.2,1.0542168674698795
0,Bubo Real Malbec 2021 viinipussi,13.0,1.5,18.50,12.333333333333334,1.054054054054054
0,Bell's Original,40.0,1.0,37.95,37.95,1.054018445322793
0,Kalle Viina muovipullo,40.0,0.5,18.98,37.96,1.053740779768177
0,Asio Otus Rosato 2021 muovipullo,12.0,1.0,11.39,11.39,1.0535557506584723
0,Old Virginia 6 Year Old,40.0,0.7,26.59,37.98571428571429,1.0530274539300488
0,Ronsard Napoléon VSOP,36.0,0.7,23.95,34.214285714285715,1.0521920668058455
0,Farmers Market Organic Red,14.0,0.75,9.98,13.306666666666667,1.0521042084168337
0,Credencial Touriga Nacional 2017,14.0,0.75,9.98,13.306666666666667,1.0521042084168337
0,Monte Perdido Red 2021,14.0,0.75,9.98,13.306666666666667,1.0521042084168337
0,LAB Reserva Touriga Nacional Cabernet Sauvignon Syrah 2021,14.0,0.75,9.98,13.306666666666667,1.0521042084168337
0,Vappu Organic Red 2021,14.0,0.75,9.98,13.306666666666667,1.0521042084168337
0,Fish Hoek Shiraz 2021,14.0,0.75,9.98,13.306666666666667,1.0521042084168337
0,Green Nature muovipullo,12.5,1.0,11.89,11.89,1.0513036164844407
0,Mucho Mucho Red Blend 2021 muovipullo,13.0,1.0,12.37,12.37,1.0509296685529508
0,Tronnes Napoleon muovipullo,36.0,0.35,11.99,34.25714285714286,1.0508757297748124
0,Hardys Nottage Hill Cabernet Sauvignon Shiraz 2020 hanapakkaus,14.0,1.5,19.99,13.326666666666666,1.0505252626313157
0,Ripa's Honey & Chili,30.0,0.7,19.99,28.557142857142857,1.0505252626313157
0,Pellerin Côtes du Rhône Reserve  2022 hanapakkaus,14.0,3.0,39.98,13.326666666666666,1.0505252626313157
0,Casa Marrone Organic Primitivo 2021 hanapakkaus,14.0,3.0,39.98,13.326666666666666,1.0505252626313157
0,Tronnes XO,36.0,0.7,23.99,34.27142857142857,1.0504376823676531
0,Koskenkorva Vodka Blueberry Juniper,37.5,0.7,24.99,35.7,1.0504201680672267
0,Koskenkorva Vodka Vanilla,37.5,0.7,24.99,35.7,1.0504201680672267
0,Koskenkorva Raspberry Pine,37.5,0.7,24.99,35.7,1.0504201680672267
0,Koskenkorva Vodka Sauna Barrel,37.5,0.7,24.99,35.7,1.0504201680672267
0,Bokma Oude Friesche Genever,38.0,0.5,18.09,36.18,1.0503040353786623
0,Barone Montalto Rosso kartonkitölkki,13.0,0.5,6.19,12.38,1.050080775444265
0,Viini(ni) by Teresa Välimäki 2020,14.0,0.75,10.00,13.333333333333334,1.05
0,Footsteps Merlot 2020 hanapakkaus,13.5,2.25,28.94,12.862222222222222,1.0495853489979268
0,Wine Tunes Funky Soul Colombard 2021 kartonkitölkki,11.0,1.0,10.49,10.49,1.0486177311725453
0,Ciao Bianco kartonkitölkki,11.0,1.0,10.49,10.49,1.0486177311725453
0,Corte Rossa Piemonte Barbera 2022 hanapakkaus,12.5,3.0,35.80,11.933333333333332,1.0474860335195533
0,Novopacké Pivo Podkrkonošský Speciál,6.3,0.5,3.01,6.02,1.0465116279069768
0,Il Barone Rosso 2019 muovipullo,12.0,1.0,11.47,11.47,1.046207497820401
0,Zalmiakki Salmiakki Shotti muovipullo,30.0,0.5,14.35,28.7,1.0452961672473868
0,Sancrispino Bio Rosato kartonkitölkki,12.5,0.5,5.98,11.96,1.0451505016722407
0,Santa Helena Chardonnay 2023 kartonkitölkki,12.5,0.5,5.98,11.96,1.0451505016722407
0,Zaccagnini Montepulciano d'Abruzzo 2021 hanapakkaus,12.5,3.0,35.89,11.963333333333333,1.0448592922819728
0,Zen Garden Pfalz Pinot Noir 2021 hanapakkaus,12.5,2.0,23.93,11.965,1.0447137484329294
0,The Original M8 Sauvignon Blanc 2022 kartonkitölkki,12.5,1.0,11.98,11.98,1.0434056761268782
0,Santa Julia Organic Malbec 2022 kartonkitölkki,12.5,1.0,11.98,11.98,1.0434056761268782
0,Sympathy for the Devil Verdejo Sauvignon Blanc 2022 muovipullo,12.5,1.0,11.98,11.98,1.0434056761268782
0,Aroma de Corazón Tinto 2021,12.5,0.75,8.99,11.986666666666666,1.042825361512792
0,Viña Albali Verdejo Organic 2022,12.5,0.75,8.99,11.986666666666666,1.042825361512792
0,Susuena Blanc de Noir Bobal 2021,12.5,0.75,8.99,11.986666666666666,1.042825361512792
0,2U Duas Uvas Rose 2022 viinipussi,12.5,1.5,17.98,11.986666666666666,1.042825361512792
0,Tarapacá Biodiversity Edition White Blend 2023,12.5,0.75,8.99,11.986666666666666,1.042825361512792
0,2U Duas Uvas White 2022 viinipussi,12.5,1.5,17.98,11.986666666666666,1.042825361512792
0,Bird's Tree Red 2021,12.5,0.75,8.99,11.986666666666666,1.042825361512792
0,Escapada Branco 2022,12.5,0.75,8.99,11.986666666666666,1.042825361512792
0,Castillo Murviedro Tempranillo 2021,12.5,0.75,8.99,11.986666666666666,1.042825361512792
0,Espíritu de Chile Premium Red hanapakkaus,12.5,2.0,23.98,11.99,1.042535446205171
0,LAB Best In Show White 2021 hanapakkaus,12.5,2.0,23.98,11.99,1.042535446205171
0,LAB Tinto 2020 muovipullo,13.0,1.0,12.47,12.47,1.0425020048115476
0,Arctic Italian Citrus Organic Dry Gin muovipullo,37.5,0.5,17.99,35.98,1.0422456920511396
0,Cono Sur Bicicleta Reserva Syrah 2021 hanapakkaus,12.5,3.0,35.99,11.996666666666668,1.0419560989163656
0,Alta Corte Red hanapakkaus,12.5,3.0,35.99,11.996666666666668,1.0419560989163656
0,Drostdy Hof Chardonnay Viognier Fairtrade 2022 hanapakkaus,12.5,3.0,35.99,11.996666666666668,1.0419560989163656
0,Hannibal,11.5,0.75,8.28,11.04,1.0416666666666667
0,Olvi Tuplapukki tölkki,8.5,0.5,4.08,8.16,1.0416666666666667
0,Olvi Tuplapukki 6-pack tölkki,8.5,3.0,24.48,8.16,1.0416666666666667
0,Greener Planet Cabernet Sauvignon 2021 muovipullo,13.5,1.0,12.98,12.98,1.0400616332819723
0,Gnarly Head Chardonnay 2022 hanapakkaus,13.5,3.0,38.98,12.993333333333332,1.0389943560800412
0,Tarapacá Biodiversity Cabernet Sauvignon Syrah 2022 hanapakkaus,13.5,1.5,19.49,12.993333333333332,1.0389943560800412
0,Los Intocables Bourbon Barrel Malbec 2021 hanapakkaus,13.5,3.0,38.98,12.993333333333332,1.0389943560800412
0,Lauder's,40.0,0.7,26.95,38.5,1.0389610389610389
0,Colossal Reserva Red 2018,14.0,0.75,10.11,13.479999999999999,1.0385756676557865
0,Kallary Rosso Primitivo Passitivo 2022 kartonkitölkki,14.0,1.0,13.49,13.49,1.0378057820607858
0,Nemiroff Flavoured Bold Orange Vodka,40.0,0.7,26.99,38.55714285714286,1.0374212671359764
0,Absolut Kurant,40.0,0.7,26.99,38.55714285714286,1.0374212671359764
0,Nemiroff Flavoured Honey Pepper Vodka,40.0,0.7,26.99,38.55714285714286,1.0374212671359764
0,Nemiroff Flavoured Burning Pear Vodka,40.0,0.7,26.99,38.55714285714286,1.0374212671359764
0,Koskenkorva Vodka Climate Action,40.0,0.7,26.99,38.55714285714286,1.0374212671359764
0,Valcatrina Branco 2022 muovipullo,12.0,1.0,11.57,11.57,1.0371650821089022
0,Scientifically Proven Italian Zinfandel muovipullo,14.5,1.0,13.99,13.99,1.0364546104360257
0,Black Tower Riesling 2022 hanapakkaus,11.5,3.0,33.29,11.096666666666666,1.036347251426855
0,El Tiempo Blanco,11.0,0.75,7.99,10.653333333333334,1.032540675844806
0,Two Oceans Sauvignon Blanc 2022 hanapakkaus,12.0,3.0,34.88,11.626666666666667,1.0321100917431192
0,Elmo hanapakkaus,11.0,3.0,31.99,10.663333333333332,1.031572366364489
0,Baffo Rosso hanapakkaus,12.0,3.0,34.90,11.633333333333333,1.0315186246418337
0,Plantation 3 Stars Silver,41.2,0.7,27.99,39.98571428571429,1.0303679885673456
0,Asio Otus Bianco Organic 2022 muovipullo,12.0,1.5,17.47,11.646666666666667,1.0303377218088152
0,Courriere Napoleon Finest VSOP muovipullo,36.0,0.2,6.99,34.949999999999996,1.0300429184549358
0,Specht Slivovitz,40.0,0.7,27.21,38.871428571428574,1.0290334435869166
0,Weinmann Klassik Grüner Veltliner 2022 hanapakkaus,12.0,3.0,34.99,11.663333333333334,1.0288653901114604
0,Jaloviina * muovipullo,38.0,0.5,18.48,36.96,1.028138528138528
0,Puolustuslaitos Leikattua lahjapakkaus,38.0,0.5,18.48,36.96,1.028138528138528
0,Expedition Grüner Veltliner 2021 muovipullo,12.0,1.0,11.68,11.68,1.0273972602739727
0,Flat Roof Manor Sauvignon Blanc 2022 muovipullo,12.0,1.0,11.68,11.68,1.0273972602739727
0,La Lande Gros Manseng 2019,13.0,0.75,9.49,12.653333333333334,1.0273972602739725
0,Pardon My French Cabernet Sauvignon 2022 viinipussi,13.0,1.5,18.98,12.653333333333334,1.0273972602739725
0,Ruppertsberger Trocken Riesling 2022 viinipussi,13.0,1.5,18.98,12.653333333333334,1.0273972602739725
0,Lynx Chardonnay Barrel-Aged 2021 hanapakkaus,13.0,3.0,37.99,12.663333333333334,1.0265859436693867
0,Buco Nero Malbec 2022 hanapakkaus,13.0,3.0,37.99,12.663333333333334,1.0265859436693867
0,Laroche Chardonnay L 2022 hanapakkaus,13.0,3.0,37.99,12.663333333333334,1.0265859436693867
0,Chill Out Chenin Blanc South Africa 2022 viinipussi,12.5,1.5,18.29,12.193333333333333,1.0251503553854566
0,Mr Wildman Chardonnay 2022,13.5,0.75,9.89,13.186666666666667,1.0237613751263903
0,Olvi Tuplapukki 8-pack tölkki,8.5,2.64,21.92,8.303030303030303,1.0237226277372262
0,Casanis Pastis,45.0,0.5,21.98,43.96,1.0236578707916288
0,Jammy Jam Red 2021,15.0,0.75,10.99,14.653333333333334,1.0236578707916286
0,Lumoava Mustikka glögi,15.0,0.75,10.99,14.653333333333334,1.0236578707916286
0,Buen Chico Tinto 2021,15.0,0.75,10.99,14.653333333333334,1.0236578707916286
0,Lumoava Karpalo Luomuglögi,15.0,0.75,10.99,14.653333333333334,1.0236578707916286
0,Moskovskaya Pink Raspberry Lime,38.0,0.7,25.99,37.128571428571426,1.0234705656021548
0,Bacardi Carta Negra,40.0,0.7,27.43,39.18571428571429,1.020780167699599
0,Sancrispino Catarratto Inzolia Organic kartonkitölkki,12.0,0.5,5.89,11.78,1.0186757215619695
0,Jaloviina ***,40.0,0.7,27.49,39.27142857142857,1.018552200800291
0,KWV The Guardian Sauvignon Blanc 2022,13.0,0.75,9.58,12.773333333333333,1.0177453027139876
0,JP. Chenet Grande Noblesse VSOP,36.0,0.5,17.69,35.38,1.0175240248728095
0,Helmi Kahvilikööri muovipullo,20.0,0.35,6.88,19.65714285714286,1.0174418604651163
0,Minttu Peppermint,40.0,0.5,19.69,39.38,1.015744032503809
0,JP. Chenet Medium Sweet 2021 hanapakkaus,11.5,3.0,33.98,11.326666666666666,1.0153031194820483
0,Espíritu de Chile Selección White viinipussi,12.5,1.5,18.48,12.32,1.0146103896103895
0,Piedemonte T Tempranillo 2020,13.5,0.75,9.98,13.306666666666667,1.0145290581162325
0,Lisboa Bonita 2020,13.5,0.75,9.98,13.306666666666667,1.0145290581162325
0,Casal Garcia Vinho Tinto 2020,13.5,0.75,9.98,13.306666666666667,1.0145290581162325
0,2u Duas Uvas 2021,13.5,0.375,4.99,13.306666666666667,1.0145290581162325
0,Farmers Market Organic Bianco,13.5,0.75,9.98,13.306666666666667,1.0145290581162325
0,Lindeman's Bin 40 Merlot 2022,13.5,0.75,9.98,13.306666666666667,1.0145290581162325
0,Pica-Pau Red 2019,13.5,0.75,9.98,13.306666666666667,1.0145290581162325
0,Cuma Malbec Organic 2022,13.5,0.75,9.98,13.306666666666667,1.0145290581162325
0,Birds of Paradise Riesling Organic 2022,13.5,0.75,9.98,13.306666666666667,1.0145290581162325
0,Allumea Nero d'Avola Organic 2022,13.5,0.75,9.98,13.306666666666667,1.0145290581162325
0,Cuma Organic Torrontés 2022,13.5,0.75,9.98,13.306666666666667,1.0145290581162325
0,Piedemonte M Merlot 2020,13.5,0.75,9.98,13.306666666666667,1.0145290581162325
0,Allumea Terre Di Chieti Rosso Organic 2021,13.5,0.75,9.98,13.306666666666667,1.0145290581162325
0,Aires Del Sur Barrel Aged Organic 2021,13.5,0.75,9.98,13.306666666666667,1.0145290581162325
0,Farmers Market Organic Rosé,13.5,0.75,9.98,13.306666666666667,1.0145290581162325
0,C'est Moi Merlot Cabernet Sauvignon,13.5,0.75,9.98,13.306666666666667,1.0145290581162325
0,La Mascota Dark Bat Syrah 2020,13.5,0.75,9.98,13.306666666666667,1.0145290581162325
0,Jam Shed Shiraz 2022,13.5,0.75,9.98,13.306666666666667,1.0145290581162325
0,Zensa Rosso Organico 2021,13.5,0.75,9.98,13.306666666666667,1.0145290581162325
0,4 Uvas 2019,13.5,0.75,9.98,13.306666666666667,1.0145290581162325
0,Sant’Ilia Chardonnay Sauvignon Blanc 2018,13.5,0.75,9.98,13.306666666666667,1.0145290581162325
0,Rentunruusu Organic Rosé 2022 viinipussi,12.5,1.5,18.50,12.333333333333334,1.0135135135135134
0,Gnarly Head Pinot Noir 2021 hanapakkaus,13.5,3.0,39.98,13.326666666666666,1.0130065032516258
0,Barone Ricasoli Formulae Toscana 2021 hanapakkaus,13.5,3.0,39.98,13.326666666666666,1.0130065032516258
0,Enzo Bartoli Langhe Rosso 2021 hanapakkaus,13.5,3.0,39.98,13.326666666666666,1.0130065032516258
0,Le Grand Noir Cabernet Syrah hanapakkaus,13.5,3.0,39.98,13.326666666666666,1.0130065032516258
0,Hardys Nottage Hill Chardonnay 2022 hanapakkaus,13.5,1.5,19.99,13.326666666666666,1.0130065032516258
0,Eastfields Pinotage Rosé 2020 muovipullo,12.5,1.0,12.35,12.35,1.0121457489878543
0,Magic Moments Lemongrass & Ginger Flavoured Vodka,37.5,0.7,25.98,37.114285714285714,1.010392609699769
0,Smirnoff Vodka,37.5,0.35,12.99,37.114285714285714,1.010392609699769
0,Chymos Café muovipullo,21.0,0.35,7.28,20.8,1.0096153846153846
0,Winemalia White Bear Blend 2021,12.5,0.75,9.29,12.386666666666665,1.0091496232508075
0,Jacob's Creek Grenache Shiraz 2021,14.5,0.75,10.78,14.373333333333333,1.0088126159554731
0,Aalborg Jubilæums Akvavit muovipullo,40.0,0.5,19.84,39.68,1.0080645161290323
0,Whyte & Mackay,40.0,0.7,27.78,39.68571428571429,1.0079193664506838
0,Prinssi Eversti muovipullo,40.0,0.35,13.89,39.68571428571429,1.0079193664506838
0,Vana Tallinn,40.0,0.5,19.89,39.78,1.0055304172951232
0,Laitilan Kukko Tuima tölkki,8.5,0.33,2.79,8.454545454545455,1.0053763440860215
0,Karjala tölkki,8.0,0.5,3.98,7.96,1.0050251256281406
0,Stroh,54.0,0.5,26.88,53.76,1.0044642857142858
0,Torres 10 Reserva Imperial,38.0,0.7,26.49,37.84285714285714,1.004152510381276
0,Farrell Irish Whiskey,40.0,0.7,27.90,39.857142857142854,1.0035842293906811
0,Greenfield Organic Gin,40.0,0.7,27.90,39.857142857142854,1.0035842293906811
0,A. Le Coq Double Bock,7.0,0.5,3.49,6.98,1.002865329512894
0,Glen Scanlan,40.0,0.2,7.98,39.9,1.0025062656641603
0,Footmark Organic White 2022 muovipullo,12.0,1.0,11.97,11.97,1.0025062656641603
0,Montalto Pinot Grigio 2022 muovipullo,12.0,1.0,11.97,11.97,1.0025062656641603
0,Dream Pink Organic Rosé 2022 muovipullo,12.0,1.0,11.97,11.97,1.0025062656641603
0,Festivo Riesling kartonkitölkki,10.0,1.0,9.98,9.98,1.002004008016032
0,Lignell & Piispanen Kataja-Pihlajanmarja muovipullo,21.0,0.5,10.48,20.96,1.0019083969465647
0,Gustav Arctic Vodka,40.0,0.7,27.95,39.92857142857143,1.0017889087656529
0,Shine Bright 2022 kartonkitölkki,11.5,1.0,11.48,11.48,1.0017421602787455
0,Achillea by Lenz Moser Grüner Veltliner 2022 kartonkitölkki,12.0,1.0,11.98,11.98,1.001669449081803
0,Two Princes Pinot Grigio 2021 kartonkitölkki,12.0,1.0,11.98,11.98,1.001669449081803
0,Greener Planet Marsanne Chardonnay 2022 muovipullo,13.0,1.0,12.98,12.98,1.0015408320493067
0,Leijona Pastilli Shot muovipullo,30.0,0.5,14.98,29.96,1.0013351134846462
0,Leijona Minttu-Suklaa Shot muovipullo,30.0,0.5,14.98,29.96,1.0013351134846462
0,Stoli Vodka,40.0,0.2,7.99,39.949999999999996,1.0012515644555695
0,Katse Crispy White 2022 muovipullo,12.0,0.75,8.99,11.986666666666666,1.0011123470522802
0,Bird's Tree 2022,12.0,0.75,8.99,11.986666666666666,1.0011123470522802
0,Maritimo Tinto,12.0,0.75,8.99,11.986666666666666,1.0011123470522802
0,Villa Anna Soave 2022,12.0,0.75,8.99,11.986666666666666,1.0011123470522802
0,Fresita White Strawberries Extra Dry,12.0,0.75,8.99,11.986666666666666,1.0011123470522802
0,Graziosa Rosato 2022,12.0,0.75,8.99,11.986666666666666,1.0011123470522802
0,Molnár Paulus Gold Ezerjó 2018,12.0,0.75,8.99,11.986666666666666,1.0011123470522802
0,El Copero 2021,12.0,0.75,8.99,11.986666666666666,1.0011123470522802
0,Botter Pinot Bianco 2021,12.0,0.75,8.99,11.986666666666666,1.0011123470522802
0,Metsmaasikas Wild Strawberry,21.0,0.5,10.49,20.98,1.0009532888465205
0,Joseph Pellerin Cotes du Rhone Rouge 2020 kartonkitölkki,14.0,0.75,10.49,13.986666666666666,1.0009532888465205
0,S’Cape Grande Reserve Syrah Cabernet Sauvignon Pinotage 2022 muovipullo,14.0,0.75,10.49,13.986666666666666,1.0009532888465205
0,Koskenkorva Vodka 60 % muovipullo,60.0,0.2,11.99,59.949999999999996,1.0008340283569641
0,We Care Chardonnay Chenin Blanc 2023 muovipullo,12.5,1.0,12.49,12.49,1.00080064051241
0,Mayu Reserva Syrah Carménère Apassimento 2022 muovipullo,14.0,1.0,13.99,13.99,1.0007147962830594
0,The Latitude 55 Smoky muovipullo,40.0,0.35,13.99,39.971428571428575,1.0007147962830591
0,William Peel,40.0,0.35,13.99,39.971428571428575,1.0007147962830591
0,Castillo Murviedro Tempranillo 2019,12.0,1.5,17.99,11.993333333333332,1.000555864369094
0,Absolut Citron,40.0,0.5,19.99,39.98,1.0005002501250626
0,El Tiempo Blanco hanapakkaus,10.5,2.0,20.99,10.495,1.0004764173415912
0,Seagram's VO,40.0,0.7,27.99,39.98571428571429,1.0003572704537333
0,Glen Parker Single Malt,40.0,0.7,27.99,39.98571428571429,1.0003572704537333
0,Isidoros Arvanitis Ouzo Of Plomari,40.0,0.7,27.99,39.98571428571429,1.0003572704537333
0,Shaman's Black Label Vodka,40.0,0.7,27.99,39.98571428571429,1.0003572704537333
0,Cono Sur Bicicleta Riesling 2022 hanapakkaus,12.0,3.0,35.99,11.996666666666668,1.0002778549597109
0,Durius Tempranillo 2020,14.0,0.75,10.50,14.0,1.0
0,Just Pinot Grigio 2021,12.5,0.75,9.39,12.520000000000001,0.998402555910543
0,Gazzera Pinot Grigio Moscato Organic 2020,12.5,0.75,9.39,12.520000000000001,0.998402555910543
0,Karjala 4,4.5,0.33,1.49,4.515151515151515,0.9966442953020135
0,Quinta Las Cabras Cabernet Sauvignon Merlot 2013,13.5,1.5,20.32,13.546666666666667,0.9965551181102362
0,Magyar Fehér Bor,11.0,0.75,8.28,11.04,0.996376811594203
0,Care Blanco Sobre Lías 2021,13.0,0.75,9.79,13.053333333333333,0.9959141981613893
0,Gaia Monograph Agiorgitiko Syrah 2016,13.5,0.75,10.18,13.573333333333332,0.994597249508841
0,Nespolino Sangiovese Biologico 2019,13.5,0.75,10.19,13.586666666666666,0.9936211972522081
0,Helmeilevä Omenaviini muovipullo,11.5,0.75,8.69,11.586666666666666,0.9925201380897584
0,Omppu Helmeilevä Omenaviini muovipullo,11.5,0.75,8.69,11.586666666666666,0.9925201380897584
0,Casa Santos Lima Fortíssimo 2020,14.5,0.75,10.97,14.626666666666667,0.9913400182315405
0,Absolut Passionfruit Vodka,38.0,0.7,26.88,38.4,0.9895833333333334
0,Caravan Merlot 2020,14.5,0.75,10.99,14.653333333333334,0.9895359417652411
0,Pitch Algarve 2021,14.5,0.75,10.99,14.653333333333334,0.9895359417652411
0,Portada Winemaker´s Selection Red 2021,12.5,0.75,9.48,12.64,0.9889240506329113
0,Vecchia Romagna Etichetta Nera,38.0,0.7,26.90,38.42857142857143,0.9888475836431226
0,Adobe Rosé Organic 2022 viinipussi,12.5,1.5,18.98,12.653333333333334,0.9878819810326659
0,Classy Jessy Chardonnay 2022 viinipussi,12.5,1.5,18.98,12.653333333333334,0.9878819810326659
0,Porrais Douro 2020 hanapakkaus,13.0,3.0,39.48,13.159999999999998,0.9878419452887539
0,Saaremaa Cucumber & Ginger Gin,37.5,0.5,18.99,37.98,0.9873617693522908
0,M de Murviedro Bobal Rosé,11.5,0.75,8.74,11.653333333333334,0.9868421052631579
0,Absolut Vodka,40.0,0.35,14.19,40.542857142857144,0.9866102889358703
0,Koff Stallion tölkki,7.2,0.5,3.65,7.3,0.9863013698630138
0,Hans Baer Riesling Trocken hanapakkaus,11.5,3.0,34.99,11.663333333333334,0.9859959988568162
0,Devil's Rock Riesling 2022 hanapakkaus,11.5,3.0,34.99,11.663333333333334,0.9859959988568162
0,Saimaa Vahva Lager tölkki,7.0,0.5,3.55,7.1,0.9859154929577465
0,Masseria Trajone Negroamaro Primitivo 2020,13.0,0.75,9.89,13.186666666666667,0.9858442871587462
0,JP. Chenet Cabernet Syrah 2021,13.0,0.75,9.89,13.186666666666667,0.9858442871587462
0,Absolut Watermelon,38.0,0.7,26.99,38.55714285714286,0.9855502037791775
0,Gin Lemon muovipullo,16.0,0.7,11.38,16.25714285714286,0.9841827768014059
0,Puolukkavodka Cocktail muovipullo,16.0,0.7,11.38,16.25714285714286,0.9841827768014059
0,Karpalet muovipullo,16.0,0.7,11.38,16.25714285714286,0.9841827768014059
0,FlipFlop Californian White 2021 kartonkitölkki,11.5,1.0,11.69,11.69,0.9837467921300257
0,Courriere VSOP Organic muovipullo,36.0,0.2,7.32,36.6,0.9836065573770492
0,Penny Packer,40.0,0.7,28.49,40.7,0.9828009828009827
0,Tyryn Marjapontikka,50.0,0.5,25.44,50.88,0.9827044025157232
0,Carillo muovipullo,21.0,0.7,14.98,21.400000000000002,0.9813084112149532
0,Bardinet Coffee,28.0,0.7,19.98,28.542857142857144,0.980980980980981
0,Rivière du Mât Black Spiced,35.0,0.7,24.98,35.68571428571429,0.9807846277021616
0,Koff tölkki,4.6,0.33,1.55,4.696969696969697,0.9793548387096773
0,Koff 8-pack tölkki,4.6,2.64,12.40,4.696969696969697,0.9793548387096773
0,Chymos Mustaherukka Väkevä Marjaviini,15.0,0.75,11.49,15.32,0.97911227154047
0,Chymos Kirsikka Väkevä Marjaviini,15.0,0.75,11.49,15.32,0.97911227154047
0,Chymos Mansikka Väkevä Marjaviini,15.0,0.75,11.49,15.32,0.97911227154047
0,Chymos Mustikka Väkevä Marjaviini,15.0,0.75,11.49,15.32,0.97911227154047
0,Chymos Karpalo Väkevä Marjaviini,15.0,0.75,11.49,15.32,0.97911227154047
0,Chymos Ruska Väkevä Marjaviini,15.0,0.75,11.49,15.32,0.97911227154047
0,Canadian Club,40.0,0.7,28.60,40.85714285714286,0.979020979020979
0,Santiago 1541 Sauvignon Blanc Riesling,13.0,0.75,9.98,13.306666666666667,0.9769539078156313
0,Viña Albali Reserva 2018,13.0,0.75,9.98,13.306666666666667,0.9769539078156313
0,Raza Selection Malbec Shiraz Organic 2017,13.0,0.75,9.98,13.306666666666667,0.9769539078156313
0,L'Auratae Organic Catarratto Pinot Grigio 2022,13.0,0.75,9.98,13.306666666666667,0.9769539078156313
0,MontGras De Vine Reserva Zinfandel 2021,13.0,0.75,9.98,13.306666666666667,0.9769539078156313
0,Du Kif Rosé 2019,13.0,0.75,9.98,13.306666666666667,0.9769539078156313
0,Casal Garcia Douro Red 2019,13.0,0.75,9.98,13.306666666666667,0.9769539078156313
0,Yali Summertime Syrah Rosé 2021,13.0,0.75,9.98,13.306666666666667,0.9769539078156313
0,Blue Pompano 2022 muovipullo,13.0,0.75,9.98,13.306666666666667,0.9769539078156313
0,Cal Y Canto Full Red 2022,13.0,0.75,9.98,13.306666666666667,0.9769539078156313
0,Devil's Rock Pinot Grigio 2020,13.0,0.75,9.98,13.306666666666667,0.9769539078156313
0,Chavin Cabernet Sauvignon 2022,13.0,0.75,9.98,13.306666666666667,0.9769539078156313
0,Nero Grande Negroamaro Cabernet Sauvignon 2022,13.0,0.75,9.98,13.306666666666667,0.9769539078156313
0,Espiritu de Chile Cabernet Sauvignon 2021,13.0,0.375,4.99,13.306666666666667,0.9769539078156313
0,Greenfield Organic Vodka,37.5,0.7,26.90,38.42857142857143,0.9758364312267658
0,Klostergarten Riesling 2022 hanapakkaus,12.0,3.0,36.90,12.299999999999999,0.9756097560975611
0,Viva Valentina Organic Pinot Grigio 2022 hanapakkaus,13.0,3.0,39.98,13.326666666666666,0.975487743871936
0,Moncaro Organic White 2022 hanapakkaus,13.0,1.5,19.99,13.326666666666666,0.975487743871936
0,Ogier Artesis Côtes du Rhône 2022 hanapakkaus,13.0,3.0,39.98,13.326666666666666,0.975487743871936
0,Viva Valentina Organic Sangiovese 2020 hanapakkaus,13.0,3.0,39.98,13.326666666666666,0.975487743871936
0,Casa Cavallo 2016 hanapakkaus,13.0,3.0,39.98,13.326666666666666,0.975487743871936
0,Arthur Metz Pinot Pinot & Cie 2020 hanapakkaus,13.0,2.25,29.99,13.328888888888889,0.9753251083694565
0,SAAM Chenin Blanc,14.0,0.75,10.78,14.373333333333333,0.974025974025974
0,Tausendhügel Dry Riesling 2022 hanapakkaus,12.0,3.0,36.98,12.326666666666666,0.9734991887506761
0,Les Fumées Blanches Sauvignon Blanc 2022 hanapakkaus,12.0,3.0,36.98,12.326666666666666,0.9734991887506761
0,St-Rémy Authentic VSOP,36.0,0.7,25.89,36.98571428571429,0.9733487833140209
0,Chapel Hill Grüner Veltliner 2018,12.0,0.75,9.25,12.333333333333334,0.9729729729729729
0,Finlandia Mango,37.5,0.7,26.98,38.542857142857144,0.9729429206819866
0,Finlandia Grapefruit,37.5,0.7,26.98,38.542857142857144,0.9729429206819866
0,Koskenkorva Vodka Organic,37.5,0.7,26.98,38.542857142857144,0.9729429206819866
0,Finlandia Blackcurrant,37.5,0.7,26.98,38.542857142857144,0.9729429206819866
0,Stoli Vanil,37.5,0.7,26.98,38.542857142857144,0.9729429206819866
0,Stoli Cucumber,37.5,0.7,26.98,38.542857142857144,0.9729429206819866
0,Stoli Salted Karamel,37.5,0.7,26.98,38.542857142857144,0.9729429206819866
0,Royal Salmiakki Snapsi muovipullo,19.0,0.7,13.69,19.557142857142857,0.9715120525931337
0,Big Top Zinfandel 2020 muovipullo,14.5,1.0,14.97,14.97,0.9686038744154977
0,Gustav Blueberry Vodka,40.0,0.7,28.94,41.34285714285715,0.9675190048375949
0,Plantation O.F.T.D,69.0,0.7,49.98,71.4,0.9663865546218486
0,Greenall's Original London Dry Gin,40.0,0.7,28.98,41.400000000000006,0.9661835748792269
0,Casillero del Diablo Pinot Noir 2022,13.5,0.75,10.48,13.973333333333334,0.9661259541984732
0,The Long Little Dog 2020,13.5,0.75,10.48,13.973333333333334,0.9661259541984732
0,Hamina Tattoo Punaviini,13.5,0.75,10.48,13.973333333333334,0.9661259541984732
0,Vid-a Organic 2018,13.5,0.75,10.48,13.973333333333334,0.9661259541984732
0,Chill Out Malbec Organic Argentina 2022 muovipullo,13.5,1.0,13.99,13.99,0.9649749821300929
0,Silk & Spice Red Blend 2020 hanapakkaus,13.5,3.0,41.98,13.993333333333332,0.9647451167222487
0,Purato Nero d'Avola 2021,13.5,0.75,10.50,14.0,0.9642857142857143
0,El Abuelo Garnacha Tintorera Monastrell Organic 2021,15.0,0.75,11.68,15.573333333333332,0.9631849315068494
0,O.P. Anderson Klar Ekologisk Aquavit,40.0,0.7,29.08,41.542857142857144,0.9628610729023384
0,Finlandia Cranberry,37.5,0.5,19.48,38.96,0.9625256673511293
0,Finlandia Lime,37.5,0.5,19.48,38.96,0.9625256673511293
0,Café Kahvilikööri muovipullo,20.0,0.5,10.39,20.78,0.9624639076034648
0,Two Oceans Pinot Grigio 2022 viinipussi,12.5,1.5,19.49,12.993333333333332,0.9620318111852233
0,Satokausi Rosé  2022 hanapakkaus,11.5,3.0,35.89,11.963333333333333,0.9612705488994149
0,Torres Spiced,35.0,0.7,25.50,36.42857142857143,0.9607843137254901
0,Codorníu Albariño Organic 2022 hanapakkaus,12.0,3.0,37.49,12.496666666666668,0.9602560682848759
0,Pierre Chavin Sauvignon Blanc Colombard Gros Manseng 2022 kartonkitölkki,11.5,1.0,11.98,11.98,0.9599332220367278
0,Deep Roots Rivaner 2022 kartonkitölkki,11.5,1.0,11.98,11.98,0.9599332220367278
0,Bacardi Coconut,32.0,0.7,23.34,33.34285714285714,0.959725792630677
0,Bacardi Limón,32.0,0.7,23.34,33.34285714285714,0.959725792630677
0,Bacardi Razz,32.0,0.7,23.34,33.34285714285714,0.959725792630677
0,Petó Organic White Wine,11.5,0.75,8.99,11.986666666666666,0.9593993325917687
0,Sancrispino Syrah Merlot Organic kartonkitölkki,13.0,0.25,3.39,13.56,0.9587020648967551
0,Pierre Chavin Côtes de Gascogne Cuvée Réserve 2022 hanapakkaus,11.5,3.0,35.99,11.996666666666668,0.9585996110030564
0,Viña Esmeralda  2021 hanapakkaus,11.5,3.0,35.99,11.996666666666668,0.9585996110030564
0,Green Soul Organic Riesling hanapakkaus,11.5,3.0,35.99,11.996666666666668,0.9585996110030564
0,Castano Ecologico Monastrell 2020,14.0,0.75,10.96,14.613333333333335,0.9580291970802919
0,Scandinavian Salmiak Chili,30.0,0.7,21.92,31.31428571428572,0.9580291970802918
0,Leijona Minttu muovipullo,30.0,0.35,10.98,31.371428571428574,0.9562841530054644
0,Hardys Nottage Hill Shiraz 2021 muovipullo,14.0,0.75,10.98,14.64,0.9562841530054644
0,Jam Shed Merlot 2020,13.5,0.75,10.59,14.12,0.9560906515580737
0,Purity Vodka Ultra 34 Premium,40.0,1.0,41.85,41.85,0.955794504181601
0,Panic Button 2021,14.0,0.75,10.99,14.653333333333334,0.9554140127388534
0,Santa Julia Innovacion Malbec 2022,14.0,0.75,10.99,14.653333333333334,0.9554140127388534
0,Zin Zupreme Zinfandel 2020,14.0,0.75,10.99,14.653333333333334,0.9554140127388534
0,Egri Korona Egri Csillag 2019,14.0,0.75,10.99,14.653333333333334,0.9554140127388534
0,Esporão Monte Velho Biológico 2019,14.0,0.75,10.99,14.653333333333334,0.9554140127388534
0,Il Capolavoro Appassimento Rosso 2021,14.0,0.75,10.99,14.653333333333334,0.9554140127388534
0,Septima Malbec Organic 2021,14.0,0.75,10.99,14.653333333333334,0.9554140127388534
0,Rum Nr. 7 Black muovipullo,37.5,0.2,7.86,39.3,0.9541984732824428
0,Reh Kendermann Vom Kalkstein Riesling 2020 hanapakkaus,12.5,2.25,29.48,13.102222222222222,0.9540366350067843
0,Rockstein Riesling 2022 kartonkitölkki,12.0,0.5,6.29,12.58,0.9538950715421304
0,O. P. Anderson Aquavit,40.0,0.5,20.99,41.98,0.9528346831824679
0,Isidoros Arvanitis Ouzo of Plomari,40.0,0.5,20.99,41.98,0.9528346831824679
0,De Kuyper Triple Sec,40.0,0.5,20.99,41.98,0.9528346831824679
0,Simonsig Cape Vintage Reserve 2015,19.0,0.75,14.98,19.973333333333333,0.951268357810414
0,Tsingtao Strong Lager,8.9,0.33,3.09,9.363636363636363,0.950485436893204
0,Clontarf Classic Blend,40.0,0.7,29.48,42.11428571428572,0.9497964721845318
0,Helmeilevä Päärynäviini muovipullo,11.0,0.75,8.69,11.586666666666666,0.949367088607595
0,Helmeilevä Vadelma-mustikkaviini muovipullo,11.0,0.75,8.69,11.586666666666666,0.949367088607595
0,Helmeilevä Karpaloviini muovipullo,11.0,0.75,8.69,11.586666666666666,0.949367088607595
0,Santerra Syrah 2022,12.0,0.75,9.48,12.64,0.9493670886075949
0,Fauve Rose 2022,12.0,0.75,9.48,12.64,0.9493670886075949
0,Törley Talisman Demi Sec,12.0,0.75,9.48,12.64,0.9493670886075949
0,Portada Winemaker´s Selection White 2022,12.0,0.75,9.48,12.64,0.9493670886075949
0,Kilbeggan,40.0,0.7,29.50,42.142857142857146,0.9491525423728813
0,Cutty Sark,40.0,0.7,29.50,42.142857142857146,0.9491525423728813
0,Casillero del Diablo Sauvignon Blanc Muscat Riesling 2022 hanapakkaus,12.0,1.5,18.98,12.653333333333334,0.9483667017913593
0,Earth Song Chenin Blanc Sauvignon Blanc 2022,12.5,0.75,9.89,13.186666666666667,0.947927199191102
0,Les Fumées Blanches Vin Biologique Rosé 2022 hanapakkaus,12.0,3.0,37.99,12.663333333333334,0.9476177941563569
0,Aalborg Dild Akvavit,38.0,0.7,28.08,40.114285714285714,0.9472934472934473
0,Murviedro Colección Reserva 2017,13.5,0.75,10.69,14.253333333333332,0.9471468662301217
0,Santa Carolina Reserva Pinot Noir 2019,13.5,0.75,10.69,14.253333333333332,0.9471468662301217
0,Calvet Rosé 2021 viinipussi,12.5,1.5,19.80,13.200000000000001,0.9469696969696969
0,False Bay Old School Syrah 2018,14.5,0.75,11.49,15.32,0.9464751958224543
0,Julicher Sauvignon Blanc 2017,12.0,0.75,9.51,12.68,0.9463722397476341
0,Château Bourdicotte 2018,12.5,0.75,9.93,13.24,0.9441087613293051
0,Sangre de Toro Organic White Blend 2022 kartonkitölkki,11.3,1.0,11.98,11.98,0.9432387312186978
0,Dr. Pauly-Bergweiler Blitz Riesling 2022 hanapakkaus,11.0,3.0,34.99,11.663333333333334,0.943126607602172
0,Rentunruusu Organic Rosé viinipussi,12.5,1.5,19.89,13.26,0.942684766214178
0,Koskenkorva Vodka 40 % muovipullo,40.0,0.2,8.49,42.449999999999996,0.9422850412249707
0,Ollinmäen Marjapontikka,46.0,0.35,17.10,48.85714285714286,0.9415204678362572
0,Asio Otus Sauvignon Blanc kartonkitölkki,12.0,0.5,6.38,12.76,0.9404388714733543
0,Deep Roots Riesling Trocken 2022 hanapakkaus,12.5,3.0,39.90,13.299999999999999,0.9398496240601505
0,2u Duas Uvas White Sparkling Brut 2019,12.5,0.75,9.98,13.306666666666667,0.9393787575150301
0,Nero Grande Chardonnay Fiano 2022,12.5,0.75,9.98,13.306666666666667,0.9393787575150301
0,Helle Pinot Noir Rosé 2020,12.5,0.75,9.98,13.306666666666667,0.9393787575150301
0,LAB Reserva Arinto Chardonnay 2020,12.5,0.75,9.98,13.306666666666667,0.9393787575150301
0,KWV Day Dream Collection 2021,12.5,0.75,9.98,13.306666666666667,0.9393787575150301
0,Ville di Antanè Soave 2019,12.5,0.75,9.98,13.306666666666667,0.9393787575150301
0,Setencostas Fresh & Fruity 2020,12.5,0.75,9.98,13.306666666666667,0.9393787575150301
0,Altozano Tempranillo Syrah Rose 2021,12.5,0.75,9.98,13.306666666666667,0.9393787575150301
0,Two Oceans Pinot Grigio 2022,12.5,0.75,9.98,13.306666666666667,0.9393787575150301
0,La Belle Angèle Rosé 2021,12.5,0.75,9.98,13.306666666666667,0.9393787575150301
0,Casa Nostra Organica 2017,12.5,0.75,9.98,13.306666666666667,0.9393787575150301
0,Rosière Syrah 2022 muovipullo,12.5,0.75,9.98,13.306666666666667,0.9393787575150301
0,Longford Estate Pinot Noir Rose 2020,12.5,0.75,9.98,13.306666666666667,0.9393787575150301
0,Murunello Pinot Grigio 2020,12.5,0.75,9.98,13.306666666666667,0.9393787575150301
0,Monte dos Amigos Rosé 2020,12.5,0.75,9.98,13.306666666666667,0.9393787575150301
0,Frey Katharinenhof Organic Silvaner Riesling	 2022,12.5,0.75,9.98,13.306666666666667,0.9393787575150301
0,Birds of Paradise Malbec 2021,13.5,0.75,10.78,14.373333333333333,0.9392393320964749
0,Muscat,15.0,0.75,11.99,15.986666666666666,0.9382819015846539
0,Vermouth Bianco,15.0,0.75,11.99,15.986666666666666,0.9382819015846539
0,Bacardi Carta Blanca,37.5,0.7,27.98,39.971428571428575,0.938170121515368
0,Koskenkorva Salmiakki muovipullo,30.0,0.5,15.99,31.98,0.9380863039399625
0,Koskenkorva Lakritsi muovipullo,30.0,0.5,15.99,31.98,0.9380863039399625
0,Tommasi Graticcio Appassionato 2020 hanapakkaus,12.5,3.0,39.98,13.326666666666666,0.9379689844922462
0,Captain Morgan White Rum,37.5,0.5,19.99,39.98,0.9379689844922462
0,Keo Zivania,45.0,0.5,23.99,47.98,0.9378907878282619
0,Zubrowka Bison Grass,37.5,0.7,27.99,39.98571428571429,0.9378349410503751
0,Linie Aquavit,41.5,0.7,30.99,44.27142857142857,0.9373991610196838
0,Lauder's Sherry Edition Oloroso Cask,40.0,0.7,29.90,42.714285714285715,0.9364548494983277
0,Jean Canon Pastis,45.0,1.0,48.13,48.13,0.9349677955537087
0,Islay Mist Original,40.0,0.7,29.98,42.82857142857143,0.933955970647098
0,Grant's Triple Wood,40.0,0.7,29.98,42.82857142857143,0.933955970647098
0,Zingled Out Zinfandel,14.0,1.0,14.99,14.99,0.933955970647098
0,FiShot Vodka Shot,30.0,0.7,22.49,32.128571428571426,0.9337483325922633
0,Avignonesi Cantaloro Toscana Rosso Organic 2019 hanapakkaus,14.0,3.0,44.98,14.993333333333332,0.9337483325922633
0,Aalborg Jubilæums Akvavit,40.0,0.7,29.99,42.84285714285714,0.9336445481827276
0,St-Rémy XO,40.0,0.7,29.99,42.84285714285714,0.9336445481827276
0,Stoli Gold Vodka,40.0,0.7,29.99,42.84285714285714,0.9336445481827276
0,Skyy Vodka,40.0,0.7,29.99,42.84285714285714,0.9336445481827276
0,Laplandia Vodka,40.0,0.7,29.99,42.84285714285714,0.9336445481827276
0,Santa Helena Reserva Carmenère 2021,13.0,0.75,10.48,13.973333333333334,0.9303435114503816
0,Aresti Rutasur Reserva Sauvignon Blanc Moscatel 2022,13.0,0.75,10.48,13.973333333333334,0.9303435114503816
0,Ecologica Reserve Organic Shiraz Malbec 2019,13.0,0.75,10.48,13.973333333333334,0.9303435114503816
0,Casillero del Diablo Sauvignon Blanc 2022,13.0,0.75,10.48,13.973333333333334,0.9303435114503816
0,Dezzani Dolcetto Merlot 2021,13.0,0.75,10.48,13.973333333333334,0.9303435114503816
0,Antiche Terre Venete Vino Rosato Biologico 2022 hanapakkaus,12.5,2.0,26.89,13.445,0.9297136481963555
0,Leyda Reserva Sauvignon Blanc 2022 hanapakkaus,13.0,2.0,27.98,13.99,0.9292351679771265
0,Mighty Hard Cider tölkki,5.5,0.5,2.96,5.92,0.9290540540540541
0,Rocca di Montemassi Toscana Sangiovese 2020 hanapakkaus,13.0,3.0,41.98,13.993333333333332,0.9290138161029062
0,Helle Rivaner Riesling 2022,12.0,0.75,9.69,12.92,0.9287925696594427
0,Era Grüner Veltliner 2020,12.0,0.75,9.69,12.92,0.9287925696594427
0,Tappara Estenas Blanco 2020,12.0,0.75,9.70,12.933333333333332,0.9278350515463919
0,Gato Negro Semi Sweet Red,10.5,0.75,8.49,11.32,0.9275618374558303
0,Lisbonita White 2021 muovipullo,12.5,1.0,13.48,13.48,0.9272997032640949
0,Skåne Akvavit,38.0,0.5,20.49,40.98,0.9272816007808687
0,Tosti Rosso,14.7,0.75,11.89,15.853333333333333,0.9272497897392766
0,Pop Up Season Organic Rosé 2021 kartonkitölkki,12.0,0.5,6.48,12.96,0.9259259259259258
0,JP. Chenet Cabernet-Syrah 2019 viinipussi,12.0,1.5,19.45,12.966666666666667,0.9254498714652957
0,Bols Triple Sec,38.0,0.5,20.54,41.08,0.9250243427458618
0,Havana Club Añejo Especial,37.5,0.7,28.39,40.557142857142864,0.9246213455442055
0,Valittu Tuisku 2022 muovipullo,12.0,1.0,12.98,12.98,0.9244992295839753
0,Go With the Flow hanapakkaus,8.0,3.0,25.98,8.66,0.9237875288683602
0,Villa Wolf Riesling 2021 kartonkitölkki,12.0,1.0,12.99,12.99,0.9237875288683602
0,Susurro Organic Sauvignon Blanc Verdejo 2021 viinipussi,11.5,2.0,24.90,12.45,0.9236947791164659
0,Cavit Sanvigilio Pinot Grigio 2022,12.0,0.75,9.75,13.0,0.9230769230769231
0,Barefoot Buttery Chardonnay,13.5,0.75,10.97,14.626666666666667,0.922971741112124
0,Mighty Hard Summer Cider tölkki,5.5,0.5,2.98,5.96,0.9228187919463088
0,Piedemonte Gamma Cabernet Sauvignon Merlot Tempranillo 2022,13.5,0.375,5.49,14.64,0.9221311475409836
0,Espíritu de Chile Reserva Cabernet Sauvignon 2017,13.5,0.75,10.98,14.64,0.9221311475409836
0,Vana Tallinn Toffee Caramel,35.0,0.5,18.98,37.96,0.9220231822971549
0,Vana Tallinn Wild Spices,35.0,0.5,18.98,37.96,0.9220231822971549
0,Koskenkorva Minttu muovipullo,35.0,0.5,18.98,37.96,0.9220231822971549
0,9 Lives Reserve Cabernet Sauvignon 2022,13.5,0.75,10.99,14.653333333333334,0.9212920837124658
0,9 Lives Apasionado Red Blend 2022,13.5,0.75,10.99,14.653333333333334,0.9212920837124658
0,Zensa Rosé Organico 2021,13.5,0.75,10.99,14.653333333333334,0.9212920837124658
0,Silent Oak Reserva 2021,13.5,0.75,10.99,14.653333333333334,0.9212920837124658
0,El Pugil Tempranillo 2020,13.5,0.75,10.99,14.653333333333334,0.9212920837124658
0,Avignonesi Toscana Rosso Organic 2022 viinipussi,13.5,1.5,21.98,14.653333333333334,0.9212920837124658
0,Adobe Reserva Chardonnay 2022,13.5,0.75,10.99,14.653333333333334,0.9212920837124658
0,Yellow Tail Merlot 2022,13.5,0.75,10.99,14.653333333333334,0.9212920837124658
0,Expedition Carmenére Syrah Cabernet Sauvignon 2020,13.5,0.75,10.99,14.653333333333334,0.9212920837124658
0,The Vegan Wine Project Shiraz 2018,13.5,0.75,10.99,14.653333333333334,0.9212920837124658
0,Casillero del Diablo Reserva Shiraz 2019,13.5,0.75,10.99,14.653333333333334,0.9212920837124658
0,Aliwen Pinot Noir Reserva 2021,13.5,0.75,10.99,14.653333333333334,0.9212920837124658
0,Casa Charlize Cuvée Notte,13.5,0.75,10.99,14.653333333333334,0.9212920837124658
0,Yellow Tail Shiraz 2022,13.5,0.75,10.99,14.653333333333334,0.9212920837124658
0,Stellenrust Barrel Fermented Chenin Blanc B28 2022,13.5,0.75,10.99,14.653333333333334,0.9212920837124658
0,Adobe Cabernet Sauvignon Merlot Organic 2021,13.5,0.75,10.99,14.653333333333334,0.9212920837124658
0,Casillero del Diablo Cabernet Sauvignon Reserva 2021,13.5,0.75,10.99,14.653333333333334,0.9212920837124658
0,The Original M8 2021,13.5,0.75,10.99,14.653333333333334,0.9212920837124658
0,Yellow Tail Cabernet Sauvignon 2020,13.5,0.75,10.99,14.653333333333334,0.9212920837124658
0,Allesverloren Tinta Rose 2018,13.5,0.75,10.99,14.653333333333334,0.9212920837124658
0,Espíritu de Chile Reserva Chardonnay 2022,13.5,0.75,10.99,14.653333333333334,0.9212920837124658
0,Montalto Rosso Passivento 2021,13.5,0.75,10.99,14.653333333333334,0.9212920837124658
0,Adobe Reserva Merlot Organic 2022,13.5,0.75,10.99,14.653333333333334,0.9212920837124658
0,Lamura Nero d'Avola Organic 2021,13.5,0.75,10.99,14.653333333333334,0.9212920837124658
0,Sangre de Toro Original Organic  2021,13.5,0.75,10.99,14.653333333333334,0.9212920837124658
0,Welmoed Shiraz Pinotage 2022 hanapakkaus,13.5,1.5,21.99,14.659999999999998,0.9208731241473398
0,Domaine la Feuille Organic Pinot Noir 2022 hanapakkaus,13.5,1.5,21.99,14.659999999999998,0.9208731241473398
0,Beefsteak Club Malbec 2020 hanapakkaus,13.5,2.25,32.99,14.662222222222223,0.920733555622916
0,Bushmills,40.0,0.7,30.48,43.542857142857144,0.9186351706036745
0,Don Luciano Semi Seco,11.0,0.75,8.99,11.986666666666666,0.917686318131257
0,Maritimo Blanco,11.0,0.75,8.99,11.986666666666666,0.917686318131257
0,Greta und Ingrid Sekt Trocken,11.0,0.75,8.99,11.986666666666666,0.917686318131257
0,Bird's Tree Rose  2022,11.0,0.75,8.99,11.986666666666666,0.917686318131257
0,Grand Sud Moelleux 2021,11.0,1.0,11.99,11.99,0.9174311926605504
0,Ibis XO,36.0,0.7,27.49,39.27142857142857,0.9166969807202618
0,Metsänhenki Sisu muovipullo,32.0,0.5,17.47,34.94,0.9158557527189468
0,Scandinavian Vahwa Terwa muovipullo,30.0,0.5,16.38,32.76,0.9157509157509158
0,G Valkoviiniglögi Luomu,10.0,0.75,8.19,10.92,0.9157509157509157
0,KWV Classic Collection Pinotage 2022,14.0,0.75,11.49,15.32,0.9138381201044387
0,Piedemonte Reserva 2017,14.0,0.75,11.49,15.32,0.9138381201044387
0,Galodoro 10 Barricas Reserva 2020,14.0,0.75,11.49,15.32,0.9138381201044387
0,KWV Classic Collection Shiraz 2021,14.0,0.75,11.49,15.32,0.9138381201044387
0,Café Culture Pinotage 2021,14.0,0.75,11.49,15.32,0.9138381201044387
0,Peñasol Sangria muovipullo,7.0,1.5,11.49,7.66,0.9138381201044387
0,Tarapacá Reserva Cabernet Sauvignon Syrah 2022,14.0,0.75,11.49,15.32,0.9138381201044387
0,Barahonda Organic Monastrell Tintorera 2021,14.0,0.75,11.49,15.32,0.9138381201044387
0,The Famous Grouse,40.0,4.5,197.00,43.77777777777778,0.9137055837563451
0,Santa Ana Organic Shiraz Rosé 2019,13.0,0.75,10.69,14.253333333333332,0.9120673526660431
0,Marques de Verdellano Macabeo 2018 hanapakkaus,11.5,10.0,126.12,12.612,0.9118300031715826
0,Battenfeld Spanier Riesling Trocken 2021 hanapakkaus,12.0,3.0,39.50,13.166666666666666,0.9113924050632912
0,San Luis Gold Tequila,35.0,0.7,26.89,38.41428571428572,0.9111193752324284
0,San Luis Silver Tequila,35.0,0.7,26.89,38.41428571428572,0.9111193752324284
0,Baluarte Rosado 2021,12.5,0.75,10.29,13.719999999999999,0.9110787172011663
0,Sandels Vahva Lager tölkki,7.5,0.33,2.72,8.242424242424242,0.9099264705882353
0,Koskenkorva Salmiakki 30%,30.0,0.5,16.49,32.98,0.9096422073984234
0,O.P. Anderson Petronella,30.0,0.7,23.09,32.98571428571429,0.9094846253789519
0,The Famous Grouse muovipullo,40.0,0.5,22.01,44.02,0.9086778736937755
0,San José Silver Tequila,35.0,0.7,26.98,38.542857142857144,0.9080800593031875
0,Lapin Kulta A tölkki,5.2,0.33,1.89,5.727272727272727,0.907936507936508
0,Lapin Kulta A 8-pack tölkki,5.2,2.64,15.12,5.727272727272727,0.907936507936508
0,Chill Out Zinfandel Organic 2022 hanapakkaus,13.0,1.5,21.48,14.32,0.9078212290502793
0,Bacardi Spiced,35.0,0.7,26.99,38.55714285714286,0.9077436087439793
0,Faustino Tempranillo hanapakkaus,13.0,3.0,42.99,14.33,0.9071877180739707
0,Ural Mocca muovipullo,18.0,0.7,13.89,19.842857142857145,0.9071274298056154
0,Epicuro Z Zinfandel Organic 2021,14.5,0.75,11.99,15.986666666666666,0.9070058381984988
0,Spier Signature Pinotage 2021,14.5,0.75,11.99,15.986666666666666,0.9070058381984988
0,Smoking Loon Old Vine Zinfandel,14.5,0.75,11.99,15.986666666666666,0.9070058381984988
0,Fuzion The Coffee Shop Red Blend 2022,14.5,0.75,11.99,15.986666666666666,0.9070058381984988
0,Femar Vini Gran Appasso 2021,14.5,0.75,11.99,15.986666666666666,0.9070058381984988
0,Carlow Cuttings Botanical Spirit,37.5,0.7,28.99,41.41428571428572,0.9054846498792686
0,Gordon's London Dry Gin,37.5,0.7,28.99,41.41428571428572,0.9054846498792686
0,Shaman's Espresso,37.5,0.7,28.99,41.41428571428572,0.9054846498792686
0,Freesoul Falanghina Organic 2021 muovipullo,12.0,0.75,9.95,13.266666666666666,0.9045226130653267
0,Periquita Red 2019,13.0,0.75,10.78,14.373333333333333,0.9044526901669759
0,Santa Carolina Cabernet Sauvignon Reserva 2017,13.0,0.75,10.78,14.373333333333333,0.9044526901669759
0,Periquita White 2020,13.0,0.75,10.78,14.373333333333333,0.9044526901669759
0,Captain Morgan Black Spiced,40.0,0.7,30.97,44.24285714285715,0.9041007426541814
0,Coquerel Fine Calvados,40.0,0.7,30.98,44.25714285714286,0.9038089089735313
0,Paddy Irish Whiskey,40.0,0.7,30.98,44.25714285714286,0.9038089089735313
0,Captain Morgan,40.0,0.7,30.98,44.25714285714286,0.9038089089735313
0,Greenfield Organic Distilled Gin muovipullo,40.0,0.35,15.49,44.25714285714286,0.9038089089735313
0,Katsaros Tsipouro,40.0,0.7,30.98,44.25714285714286,0.9038089089735313
0,Dubliner Bourbon Cask,40.0,0.7,30.98,44.25714285714286,0.9038089089735313
0,I Heart Cabernet Sauvignon,12.0,0.75,9.96,13.280000000000001,0.9036144578313252
0,I Heart Sauvignon Blanc,12.0,0.75,9.96,13.280000000000001,0.9036144578313252
0,Wanderlust Riesling Chardonnay 2020,12.0,0.75,9.96,13.280000000000001,0.9036144578313252
0,The Dundee,40.0,0.7,30.99,44.27142857142857,0.9035172636334301
0,Dark Rosé by Tuure Boelius 2022 hanapakkaus,12.0,2.25,29.90,13.288888888888888,0.9030100334448161
0,Rosa & Dito 2021,12.0,0.75,9.98,13.306666666666667,0.9018036072144289
0,Landlust Bio Dornfelder & Spätburgunder Trocken 2021,12.0,0.75,9.98,13.306666666666667,0.9018036072144289
0,Undurraga Gewürztraminer 2022,12.0,0.75,9.98,13.306666666666667,0.9018036072144289
0,La Petite Gargotte Cinsault Rose 2022,12.0,0.75,9.98,13.306666666666667,0.9018036072144289
0,LYV Sauvignon Blanc,12.0,0.75,9.98,13.306666666666667,0.9018036072144289
0,Spier Secret Sparkling Rose Brut,12.0,0.75,9.98,13.306666666666667,0.9018036072144289
0,2u Duas Uvas Rose Sparkling Brut 2018,12.0,0.75,9.98,13.306666666666667,0.9018036072144289
0,Pir Riesling Italien Blush 2020,12.0,0.75,9.98,13.306666666666667,0.9018036072144289
0,Cal Y Canto Dry White 2022,12.0,0.75,9.98,13.306666666666667,0.9018036072144289
0,Little Sheep Pinot Grigio 2022 muovipullo,12.0,0.75,9.98,13.306666666666667,0.9018036072144289
0,Tornai Zenit 2017,12.0,0.75,9.98,13.306666666666667,0.9018036072144289
0,Cono Sur Pinot Noir Rosé 2022,12.0,0.75,9.98,13.306666666666667,0.9018036072144289
0,Ruppertsberger Imperial Rosé 2022,12.0,0.75,9.98,13.306666666666667,0.9018036072144289
0,Villa Wolf Pinot Noir Rosé Dry 2020,12.0,0.75,9.98,13.306666666666667,0.9018036072144289
0,Opera Roses Chiaretto 2019,12.0,0.75,9.99,13.32,0.9009009009009009
0,Freixenet Cabernet Sauvignon 2021,13.5,0.75,11.24,14.986666666666666,0.9008007117437723
0,Ricard Pastis de Marseille,45.0,0.5,24.98,49.96,0.9007205764611689
0,Martini Bitter,28.5,0.7,22.15,31.642857142857142,0.9006772009029346
0,Tommasi Pinot Grigio 2022 hanapakkaus,12.0,3.0,39.98,13.326666666666666,0.9004502251125563
0,Lindeman's Riesling Gewürztraminer hanapakkaus,12.0,1.5,19.99,13.326666666666666,0.9004502251125563
0,Black Tower Rose 2022 viinipussi,12.0,1.5,19.99,13.326666666666666,0.9004502251125563
0,Apothic Red 2021 hanapakkaus,13.5,3.0,44.98,14.993333333333332,0.9004001778568254
0,Molinari Sambuca Caffé,36.0,0.7,27.99,39.98571428571429,0.9003215434083601
0,Miu White Wine 2021 kartonkitölkki,8.0,1.0,8.89,8.89,0.8998875140607423
0,Hankey Bannister,40.0,0.2,8.89,44.45,0.8998875140607423
0,Hope Shiraz Reserve 2021,14.0,0.75,11.68,15.573333333333332,0.8989726027397261
0,Evan Williams Bottled-in-Bond,50.0,0.7,38.95,55.64285714285715,0.8985879332477533
0,Cutty Sark Prohibition Edition,50.0,0.7,38.98,55.68571428571428,0.8978963571062083
0,Borsari Valpolicella Ripasso 2019,13.5,0.75,11.28,15.04,0.8976063829787234
0,Pellerin Cotes du Rhone Blanc 2020 hanapakkaus,13.0,2.0,28.99,14.495,0.8968609865470852
0,Adobe Gewürztraminer Reserva 2022,13.0,0.75,10.88,14.506666666666668,0.8961397058823529
0,Oh la la Rosé 2022,12.5,0.75,10.48,13.973333333333334,0.89456106870229
0,Zensa Fiano Organico 2022,12.5,0.75,10.48,13.973333333333334,0.89456106870229
0,Ruppertsberger Trocken Riesling 2022,12.5,0.75,10.48,13.973333333333334,0.89456106870229
0,Zimmermann-Graeff Riesling Classic 2021,12.5,0.75,10.48,13.973333333333334,0.89456106870229
0,Piedemonte Gamma Viura Chardonnay Moscatel 2021,12.5,0.75,10.48,13.973333333333334,0.89456106870229
0,Pasqua Merlot Trevenezie 2021,12.5,0.75,10.48,13.973333333333334,0.89456106870229
0,Pasqua Chardonnay di Puglia 2021,12.5,0.75,10.48,13.973333333333334,0.89456106870229
0,San Silvestro Piemonte Barbera 2022,13.0,0.75,10.90,14.533333333333333,0.8944954128440367
0,Bacardi Carta Blanca muovipullo,37.5,0.5,20.97,41.94,0.894134477825465
0,M. Chapoutier Belleruche Côtes-du-Rhône Rouge 2021 hanapakkaus,14.0,3.0,46.99,15.663333333333334,0.8938071930197914
0,Pardon My French Rosé 2022 viinipussi,12.5,1.5,20.98,13.986666666666666,0.8937082936129648
0,Gold Strike,50.0,0.5,27.99,55.98,0.8931761343336907
0,Moshi Moshi Riesling 2021 hanapakkaus,11.0,3.0,36.98,12.326666666666666,0.8923742563547864
0,Karhu 8,8.0,0.33,2.96,8.969696969696969,0.891891891891892
0,Valdespino Cream Sherry,19.0,0.75,15.99,21.32,0.8911819887429644
0,Valdespino Oloroso Blend Medium Sherry,19.0,0.75,15.99,21.32,0.8911819887429644
0,Hans Baer Organic White Glühwein muovipullo,10.5,1.0,11.79,11.79,0.89058524173028
0,Doña Dominga Clasico de Familia Carmenere 2020,13.0,0.75,10.95,14.6,0.8904109589041096
0,Pramia Metsänhenki muovipullo,32.0,0.5,17.97,35.94,0.8903728436282694
0,Tullamore D.E.W. muovipullo,40.0,0.5,22.47,44.94,0.8900756564307967
0,Zwack Unicum,40.0,0.5,22.48,44.96,0.8896797153024911
0,Aina Panda Riesling Off-Dry 2022 hanapakkaus,12.0,2.0,26.98,13.49,0.8895478131949592
0,Busnel Fine Calvados,40.0,0.7,31.49,44.98571428571429,0.8891711654493489
0,Matusalem Solera 7,40.0,0.7,31.50,45.0,0.8888888888888888
0,Villarini Nero d'Avola Organic 2020,13.0,0.75,10.97,14.626666666666667,0.8887876025524156
0,Minttu Pear,35.0,0.5,19.69,39.38,0.8887760284408328
0,Minttu Choco,35.0,0.5,19.69,39.38,0.8887760284408328
0,Minttu Black,35.0,0.5,19.69,39.38,0.8887760284408328
0,Torres 10 Smoked Barrel,38.0,0.7,29.98,42.82857142857143,0.8872581721147431
0,Cono Sur Bicicleta Pinot Noir 2021,13.0,0.75,10.99,14.653333333333334,0.8871701546860782
0,Boca Mar Branco 2020,13.0,0.75,10.99,14.653333333333334,0.8871701546860782
0,Tarapacá Reserva Chardonnay 2023,13.0,0.75,10.99,14.653333333333334,0.8871701546860782
0,Les Dauphins Blanc 2021,13.0,0.75,10.99,14.653333333333334,0.8871701546860782
0,Chill Out Vinho Regional Lisboa 2021,13.0,0.75,10.99,14.653333333333334,0.8871701546860782
0,KWV Classic Collection Chardonnay 2022,13.0,0.75,10.99,14.653333333333334,0.8871701546860782
0,Tarapacá Pinot Noir Reserva 2021,13.0,0.75,10.99,14.653333333333334,0.8871701546860782
0,Casillero del Diablo Chardonnay 2022,13.0,0.75,10.99,14.653333333333334,0.8871701546860782
0,Pianerosse Bianco della Campania 2020,13.0,0.75,10.99,14.653333333333334,0.8871701546860782
0,Jolie Terre de Providence Rosé 2022,13.0,0.75,10.99,14.653333333333334,0.8871701546860782
0,Rawson's Retreat Organic Collection Cabernet Shiraz Merlot 2019,13.0,0.75,10.99,14.653333333333334,0.8871701546860782
0,9 Lives Inspiring Riesling 2021,13.0,0.75,10.99,14.653333333333334,0.8871701546860782
0,Spier Signature Chardonnay 2019,13.0,0.75,10.99,14.653333333333334,0.8871701546860782
0,Yellow Tail Chardonnay 2022,13.0,0.75,10.99,14.653333333333334,0.8871701546860782
0,Metaxa *****,38.0,0.7,29.99,42.84285714285714,0.8869623207735913
0,Torres 10 Double Barrel,38.0,0.7,29.99,42.84285714285714,0.8869623207735913
0,Alexander Organic Vodka,38.0,0.7,29.99,42.84285714285714,0.8869623207735913
0,19 Crimes Chardonnay 2022 hanapakkaus,13.0,1.5,21.99,14.659999999999998,0.8867667121418827
0,Frame Riesling Trocken 2022 muovipullo,11.5,1.0,12.98,12.98,0.8859784283513097
0,Stroh Jagertee,40.0,0.5,22.59,45.18,0.8853474988933157
0,Black Tower Riesling Müller-Thurgau 2022 kartonkitölkki,11.5,1.0,12.99,12.99,0.8852963818321786
0,Schmucker Rosé Bock,8.0,0.5,4.52,9.04,0.8849557522123894
0,Manteliglögi,15.0,0.5,8.48,16.96,0.8844339622641509
0,Bird's Tree Connoisseur Collection 2021 hanapakkaus,11.0,2.25,27.99,12.44,0.8842443729903537
0,Barone Montalto Rakastaa,12.0,0.75,10.18,13.573333333333332,0.8840864440078586
0,Jaloviina Extra 2023,41.0,0.7,32.49,46.41428571428572,0.8833487226839026
0,Conde Valdemar Tempranillo 2022,13.5,0.75,11.48,15.306666666666667,0.8819686411149826
0,Jacob's Creek Organic Shiraz Cabernet 2022 muovipullo,13.5,0.75,11.48,15.306666666666667,0.8819686411149826
0,Indómita Gran Reserva Carignan 2016,13.5,0.75,11.49,15.32,0.881201044386423
0,Ruppertsberger Grauburgunder 2020,13.5,0.75,11.49,15.32,0.881201044386423
0,L'Auratae Nero d'Avola 2021,13.5,0.75,11.49,15.32,0.881201044386423
0,La Fiole Côtes du Rhône Rouge 2021,13.5,0.75,11.49,15.32,0.881201044386423
0,KWV Classic Collection Cabernet Sauvignon 2021,13.5,0.75,11.49,15.32,0.881201044386423
0,Jacob's Creek Organic Shiraz Cabernet 2021,13.5,0.75,11.49,15.32,0.881201044386423
0,Barefoot Shiraz,13.5,0.75,11.49,15.32,0.881201044386423
0,Ballet Carte Noire Organic Demi-Sec,11.5,0.75,9.79,13.053333333333333,0.8810010214504597
0,Cigarra Finest Selection Red 2022 viinipussi,13.5,1.5,22.99,15.326666666666666,0.880817746846455
0,Novas Gran Reserva Cabernet Sauvignon 2022 hanapakkaus,13.5,1.5,22.99,15.326666666666666,0.880817746846455
0,Elsa Bianchi Malbec 2018,13.5,0.75,11.50,15.333333333333334,0.8804347826086956
0,Karhu 5,5.3,1.98,11.94,6.03030303030303,0.8788944723618091
0,Lahden Erikois Strong Lager tölkki,7.0,0.5,3.99,7.98,0.8771929824561403
0,Novopacké Pivo Valdštejn,7.0,0.5,3.99,7.98,0.8771929824561403
0,Yali Wild Swan Syrah Cabernet 2020,12.5,0.75,10.69,14.253333333333332,0.8769878391019645
0,Gloria Grillo 2022,12.5,0.75,10.69,14.253333333333332,0.8769878391019645
0,Leijona Salmiakki-Suklaa Shot muovipullo,21.0,0.5,11.98,23.96,0.8764607679465776
0,Stellenrust Simplicity Shiraz Cabernet Sauvignon Merlot  2019,14.0,0.375,5.99,15.973333333333334,0.8764607679465776
0,Laku-Toffee likööri muovipullo,21.0,0.5,11.98,23.96,0.8764607679465776
0,Don Simon Sangría muovipullo,7.0,1.5,11.98,7.986666666666667,0.8764607679465776
0,Leijona Salmiakki-Granaattiomena Shot muovipullo,21.0,0.5,11.98,23.96,0.8764607679465776
0,Tullamore D.E.W.,40.0,0.7,31.95,45.642857142857146,0.8763693270735524
0,Johnnie Walker Red Label,40.0,0.35,15.98,45.65714285714286,0.8760951188986232
0,Sete Vales Douro 2021 hanapakkaus,13.0,2.25,33.39,14.84,0.8760107816711591
0,Courriere Salted Caramel muovipullo,26.0,0.5,14.84,29.68,0.8760107816711591
0,Provetto Brut,10.5,0.75,8.99,11.986666666666666,0.8759733036707453
0,La Madriguera Monastrell 2021,14.0,0.75,11.99,15.986666666666666,0.8757297748123436
0,Best Friends Organic Monastrell 2021,14.0,0.75,11.99,15.986666666666666,0.8757297748123436
0,Norton Barrel Select Malbec 2022,14.0,0.75,11.99,15.986666666666666,0.8757297748123436
0,Santiago 1541 Gran Reserva Cabernet Sauvignon Syrah Malbec 2021,14.0,0.75,11.99,15.986666666666666,0.8757297748123436
0,Veterano,30.0,0.7,23.98,34.25714285714286,0.8757297748123436
0,Castillo de Molina Gran Reserva Cabernet Sauvignon 2019,14.0,0.75,11.99,15.986666666666666,0.8757297748123436
0,Lindeman's Bin 50 Shiraz 2021,14.0,0.75,11.99,15.986666666666666,0.8757297748123436
0,Morande Gran Reserva Syrah 2018,14.0,0.75,11.99,15.986666666666666,0.8757297748123436
0,Carrascal Cabernet Sauvignon Malbec Organic 2021,14.0,0.75,11.99,15.986666666666666,0.8757297748123436
0,Castillo de Molina Gran Reserva Chardonnay 2021,14.0,0.75,11.99,15.986666666666666,0.8757297748123436
0,Raimat Abadia Cabernet Sauvignon Tempranillo Crianza Organic 2019,14.0,0.75,11.99,15.986666666666666,0.8757297748123436
0,Nederburg Winemasters Chardonnay 2021,14.0,0.75,11.99,15.986666666666666,0.8757297748123436
0,Domaine Notre Dame de Cousignac 2021,14.0,0.75,11.99,15.986666666666666,0.8757297748123436
0,Torres Digno Cabernet Sauvignon Rosé 2021,14.0,0.75,11.99,15.986666666666666,0.8757297748123436
0,Barefoot Zinfandel,14.0,0.75,11.99,15.986666666666666,0.8757297748123436
0,Caravan Durif 2020,14.0,0.75,11.99,15.986666666666666,0.8757297748123436
0,SAAM Pinotage 2018,14.0,0.75,11.99,15.986666666666666,0.8757297748123436
0,Captain Morgan Original Spiced Gold,35.0,0.7,27.98,39.971428571428575,0.8756254467476768
0,Havana Club Verde,35.0,0.7,27.98,39.971428571428575,0.8756254467476768
0,Shaman's Redcurrant Vodka,37.5,0.7,29.98,42.82857142857143,0.8755837224816544
0,Greenall's London Dry Gin paperipullo,37.5,0.7,29.98,42.82857142857143,0.8755837224816544
0,Gordon's Premium Pink Distilled Gin,37.5,0.7,29.98,42.82857142857143,0.8755837224816544
0,Gordon's Sicilian Lemon,37.5,0.7,29.98,42.82857142857143,0.8755837224816544
0,Gosling's Black Seal,40.0,0.7,31.99,45.7,0.87527352297593
0,Ballantine's Finest AC/DC Limited Edition,40.0,0.7,31.99,45.7,0.87527352297593
0,Carlow Counting Days,40.0,0.5,22.89,45.78,0.873743993010048
0,Evan Williams,43.0,0.7,34.49,49.27142857142858,0.8727167294868077
0,Laplandia Lemon,37.5,1.0,42.98,42.98,0.8724988366682178
0,Laplandia Coconut,37.5,1.0,42.98,42.98,0.8724988366682178
0,Koskenkorva Vodka 7 Botanicals 2023,37.5,0.5,21.49,42.98,0.8724988366682178
0,Fontella Chianti 2020,13.0,0.75,11.18,14.906666666666666,0.872093023255814
0,JP. Chenet Medium Sweet 2022,11.5,0.75,9.89,13.186666666666667,0.872093023255814
0,Vaccari Sambuca,38.0,0.5,21.80,43.6,0.8715596330275229
0,Manadero Collecciõn de Parcelas Garnacha 2018,14.5,0.75,12.48,16.64,0.8713942307692307
0,Murviedro Pasión Red Organic 2021,14.5,0.75,12.48,16.64,0.8713942307692307
0,Yalumba Y Series Shiraz Viognier 2019,14.5,0.75,12.48,16.64,0.8713942307692307
0,Montes Reserva Malbec 2021,14.5,0.75,12.48,16.64,0.8713942307692307
0,Mallaskoski True Bock tölkki,6.5,0.5,3.73,7.46,0.871313672922252
0,Pierrevignes 2022 muovipullo,14.5,0.75,12.49,16.653333333333332,0.8706965572457966
0,Åkesson Terra dell'oro Bianco kartonkitölkki,12.5,0.25,3.59,14.36,0.8704735376044569
0,Åkesson Terra dell'oro Rosso kartonkitölkki,12.5,0.25,3.59,14.36,0.8704735376044569
0,A. Le Coq Alexander,5.2,0.5,2.99,5.98,0.8695652173913043
0,Teisnacher Weisse,5.2,0.5,2.99,5.98,0.8695652173913043
0,Perinteinen Punaviiniglögi Luomu,11.0,0.75,9.49,12.653333333333334,0.869336143308746
0,Dewar's Caribbean Smooth Aged 8 Years,40.0,0.7,32.21,46.01428571428572,0.8692952499223843
0,Jaloviina Matkaaja 2023,38.0,0.5,21.90,43.8,0.8675799086757991
0,Gato Negro Semi Sweet White,10.5,0.75,9.08,12.106666666666667,0.8672907488986784
0,Hans Baer Riesling 2022 viinipussi,11.5,1.5,19.89,13.26,0.8672699849170438
0,Passi Reali Organic Chardonnay hanapakkaus,13.0,2.0,29.98,14.99,0.867244829886591
0,Vana Tallinn Glögi,15.0,0.5,8.65,17.3,0.8670520231213873
0,Henkell Rosé Sekt Dry,12.0,0.75,10.38,13.840000000000002,0.8670520231213872
0,Castelvecchio Vino Rosso,11.5,0.75,9.95,13.266666666666666,0.8668341708542714
0,In Me Negroamaro Zinfandel 2021,15.0,0.75,12.98,17.30666666666667,0.8667180277349767
0,Lakka Väkevä Viini,15.0,0.75,12.98,17.30666666666667,0.8667180277349767
0,Diplomático Planas,47.0,0.7,37.98,54.25714285714285,0.8662453923117431
0,Vehnä Viina,38.0,0.1,4.39,43.89999999999999,0.865603644646925
0,Koskenkorva Strawberry muovipullo,20.0,0.7,16.19,23.128571428571433,0.8647313156269301
0,Koskenkorva Peach muovipullo,20.0,0.7,16.19,23.128571428571433,0.8647313156269301
0,Saku Porter,6.9,0.5,3.99,7.98,0.8646616541353384
0,The Wanted Zin 2022,14.5,0.75,12.58,16.773333333333333,0.8644674085850557
0,Bear Flag Dark Red Wine Blend,13.0,0.75,11.28,15.04,0.8643617021276596
0,Jaume Serra Cava Brut,11.5,0.75,9.98,13.306666666666667,0.8642284569138277
0,Hanko Weissburgunder 2021,11.5,0.75,9.98,13.306666666666667,0.8642284569138277
0,Landlust Bio Riesling & Grauer Burgunder Trocken 2021,11.5,0.75,9.98,13.306666666666667,0.8642284569138277
0,Pino Pino Vino Frizzante Pinot Noir,11.5,0.75,9.98,13.306666666666667,0.8642284569138277
0,Pino Pino Frizzante Pinot Noir Rosé,11.5,0.75,9.98,13.306666666666667,0.8642284569138277
0,Zacharias Omikron Retsina,11.5,0.75,9.98,13.306666666666667,0.8642284569138277
0,Marqués de Cáceres Satinela 2022,11.5,0.75,9.98,13.306666666666667,0.8642284569138277
0,LAB Sparkling Brut 2019,11.5,0.75,9.98,13.306666666666667,0.8642284569138277
0,Teresa Rizzi Extra Dry Rosé,11.5,0.75,9.98,13.306666666666667,0.8642284569138277
0,Haraszthy Sir Irsai 2018,11.5,0.75,9.98,13.306666666666667,0.8642284569138277
0,Blanc Pescador,11.5,0.75,9.98,13.306666666666667,0.8642284569138277
0,Rosière Rosé Dry,11.5,0.75,9.98,13.306666666666667,0.8642284569138277
0,Zenith 2022,11.5,0.75,9.98,13.306666666666667,0.8642284569138277
0,Escapada Vinho Verde Rosé 2022,11.5,0.75,9.98,13.306666666666667,0.8642284569138277
0,Carlo Rossi California Red,11.5,0.75,9.98,13.306666666666667,0.8642284569138277
0,Freixenet Mía Blanco 2021,11.5,0.75,9.98,13.306666666666667,0.8642284569138277
0,Moselland Riesling Trocken 2022,11.5,0.75,9.98,13.306666666666667,0.8642284569138277
0,Concorde XO,37.0,0.7,29.98,42.82857142857143,0.8639092728485657
0,Million Suns Grenache 2021,14.5,0.75,12.59,16.786666666666665,0.8637807783955521
0,Corvezzo Organic Millesimato Spumante Dry 2022,11.5,0.75,9.99,13.32,0.8633633633633634
0,Smöla,40.0,0.5,23.18,46.36,0.8628127696289906
0,Tanqueray London Dry Gin,43.1,0.7,34.99,49.985714285714295,0.8622463561017433
0,Metaxa 5 Stars Greek Orange,38.0,0.7,30.90,44.142857142857146,0.86084142394822
0,Indomita Gran Reserva Pinot Noir 2018,14.0,0.75,12.20,16.266666666666666,0.8606557377049181
0,Tussock Jumper Pinot Noir 2020,12.5,0.75,10.90,14.533333333333333,0.8600917431192661
0,Beefeater London Dry Gin,40.0,0.35,16.28,46.51428571428572,0.8599508599508598
0,Medoff Classic Vodka,37.5,0.5,21.82,43.64,0.8593033913840513
0,Berceo Crianza 2019,13.5,0.75,11.79,15.719999999999999,0.8587786259541985
0,Two Princes Semillon Chardonnay 2020,12.0,0.75,10.48,13.973333333333334,0.8587786259541984
0,Pitú Cachaca,38.0,0.7,30.98,44.25714285714286,0.8586184635248547
0,KWV Classic Collection Cape Tawny,17.5,0.75,15.29,20.386666666666667,0.8584041857423153
0,Carlsberg Elephant tölkki,7.2,0.33,2.77,8.393939393939394,0.8577617328519855
0,Stroh 60 % muovipullo,60.0,0.2,13.99,69.95,0.8577555396711937
0,Ruppertsberger Imperial Riesling Organic 2022 hanapakkaus,12.0,2.0,27.98,13.99,0.8577555396711937
0,Scarlett Dark 2022,14.0,0.75,12.25,16.333333333333332,0.8571428571428572
0,Grant's Family Reserve,40.0,4.5,210.00,46.666666666666664,0.8571428571428572
0,Baffo Rosso Pinot Grigio 2022,12.0,0.75,10.50,14.0,0.8571428571428571
0,Baffo Rosso Chianti 2020,12.0,0.75,10.50,14.0,0.8571428571428571
0,Jules Gautret VS,40.0,1.0,46.72,46.72,0.8561643835616438
0,Castaño Monastrell Ecologico Rosé,12.5,0.75,10.96,14.613333333333335,0.855383211678832
0,Linie Double Cask Aquavit,41.5,0.7,33.99,48.557142857142864,0.8546631362165341
0,Primator Exkluziv,7.5,0.5,4.39,8.78,0.8542141230068337
0,Piedemonte Gamma Viura Chardonnay Moscatel 2022,12.5,0.375,5.49,14.64,0.8538251366120219
0,Hardys Nottage Hill Sauvignon Blanc 2021 muovipullo,12.5,0.75,10.98,14.64,0.8538251366120219
0,Devil's Rock Pinot Noir Rosé 2021,12.5,0.75,10.98,14.64,0.8538251366120219
0,Scandinavian Mango Appelsiini muovipullo,23.0,0.5,13.48,26.96,0.8531157270029673
0,Caravan Sauvignon Blanc Riesling 2021,12.5,0.75,10.99,14.653333333333334,0.8530482256596906
0,Taverna da Aldeia Red 2021,12.5,0.75,10.99,14.653333333333334,0.8530482256596906
0,Leth Grüner Veltliner Klassik Organic 2022,12.5,0.75,10.99,14.653333333333334,0.8530482256596906
0,Château Chaubinet 2020,12.5,0.75,10.99,14.653333333333334,0.8530482256596906
0,Hiden Schilcher Klassik Rosé 2019,12.5,0.75,10.99,14.653333333333334,0.8530482256596906
0,Laroche Sauvignon Blanc L 2022,12.5,0.75,10.99,14.653333333333334,0.8530482256596906
0,Gran Mirador Dark Blend 2021,12.5,0.75,10.99,14.653333333333334,0.8530482256596906
0,The Vegan Wine Project Rose 2020,12.5,0.75,10.99,14.653333333333334,0.8530482256596906
0,Setencostas Sparkling Branco Bruto 2019,12.5,0.75,10.99,14.653333333333334,0.8530482256596906
0,Melnik 13,12.5,0.75,10.99,14.653333333333334,0.8530482256596906
0,Espíritu de Chile Reserva Riesling 2019,12.5,0.75,10.99,14.653333333333334,0.8530482256596906
0,Shaman's Puolukka Vodka muovipullo,37.5,0.5,21.99,43.98,0.8526603001364257
0,The Great Wave Sauvignon Blanc hanapakkaus,12.5,2.25,32.99,14.662222222222223,0.8525310700212185
0,Marskin Ryyppy,40.0,0.5,23.49,46.98,0.8514261387824607
0,JP. Chenet Colombard-Sauvignon Organic 2019,11.5,0.75,10.15,13.533333333333333,0.8497536945812808
0,Southern Comfort Black,40.0,0.7,32.98,47.114285714285714,0.8489993935718617
0,Alpenglitzern Glühwein Organic,10.0,1.0,11.78,11.78,0.8488964346349746
0,Four Roses,40.0,0.7,32.99,47.12857142857143,0.8487420430433463
0,Ricossa Piemonte Nebbiolo Rosato 2022,13.0,0.75,11.49,15.32,0.8485639686684073
0,Santa Tresa Organic Frappato 2020,13.0,0.75,11.49,15.32,0.8485639686684073
0,Medusa Verdejo Ecologico 2022,13.0,0.75,11.49,15.32,0.8485639686684073
0,Jacob's Creek Organic Chardonnay 2022,13.0,0.75,11.49,15.32,0.8485639686684073
0,Koenig Pinot Blanc 2019,13.0,0.75,11.49,15.32,0.8485639686684073
0,Adobe Organic Red Blend 2021,13.0,0.75,11.49,15.32,0.8485639686684073
0,LAB Signature Sauvignon Blanc 2021,13.0,0.75,11.49,15.32,0.8485639686684073
0,2U Duas Uvas Premium Chardonnay 2021,13.0,0.75,11.49,15.32,0.8485639686684073
0,ABC Chardonnay 2022,13.0,0.75,11.49,15.32,0.8485639686684073
0,Les Dauphins Côtes du Rhône Organic Rouge 2021,13.0,0.75,11.49,15.32,0.8485639686684073
0,19 Crimes Red Blend 2021 hanapakkaus,13.5,1.5,23.88,15.92,0.8479899497487438
0,Porta Reserva Carménère 2021,13.5,0.75,11.95,15.933333333333332,0.8472803347280335
0,Terre Bentivoglio Oltrepò Pavese Pinot Nero Extra Dry,12.0,0.75,10.63,14.173333333333334,0.8466603951081844
0,Fernando de Castilla Solera Reserva,36.0,0.7,29.79,42.55714285714286,0.8459214501510574
0,Monte dos Amigos 2021,13.5,0.375,5.99,15.973333333333334,0.8451585976627712
0,Quinta das Setencostas 2019,13.5,0.375,5.99,15.973333333333334,0.8451585976627712
0,Finca Las Moras Barrel Select Malbec 2021,13.5,0.375,5.99,15.973333333333334,0.8451585976627712
0,Klostergarten Grüner Veltliner 2022 hanapakkaus,12.0,2.0,28.40,14.2,0.8450704225352114
0,Heineken tölkki,5.0,0.5,2.96,5.92,0.8445945945945946
0,Federico Paternina Banda Azul Crianza 2018,13.5,0.75,11.99,15.986666666666666,0.8444537114261885
0,Alamos Malbec Organic 2021,13.5,0.75,11.99,15.986666666666666,0.8444537114261885
0,Próximo by Marques de Riscal 2018,13.5,0.75,11.99,15.986666666666666,0.8444537114261885
0,Torres Coronas Tempranillo Organic 2020,13.5,0.75,11.99,15.986666666666666,0.8444537114261885
0,Running Duck Cabernet Sauvignon 2021,13.5,0.75,11.99,15.986666666666666,0.8444537114261885
0,Smoking Loon Steelbird Chardonnay 2020,13.5,0.75,11.99,15.986666666666666,0.8444537114261885
0,B-Liv Organic Red Blend 2019,13.5,0.75,11.99,15.986666666666666,0.8444537114261885
0,Antiche Terre Solo Passione Rosso 2021,13.5,0.75,11.99,15.986666666666666,0.8444537114261885
0,Porta 6 Tinto 2020,13.5,0.75,11.99,15.986666666666666,0.8444537114261885
0,Casa Charlize Cuvée Forte,13.5,0.75,11.99,15.986666666666666,0.8444537114261885
0,Marqués de Cáceres Verdejo 2022,13.5,0.75,11.99,15.986666666666666,0.8444537114261885
0,Castillo de Madax Tinto 2021,13.5,0.75,11.99,15.986666666666666,0.8444537114261885
0,Faustino VII 2021,13.5,0.75,11.99,15.986666666666666,0.8444537114261885
0,Felix Solis Mucho Más Tinto,13.5,0.75,11.99,15.986666666666666,0.8444537114261885
0,Santa Rita 120 Chardonnay 2022,13.5,0.75,11.99,15.986666666666666,0.8444537114261885
0,Castillo de Molina Gran Reserva Pinot Noir  2021,13.5,0.75,11.99,15.986666666666666,0.8444537114261885
0,Maitén Reserva Cabernet Sauvignon Organic 2017,13.5,0.75,11.99,15.986666666666666,0.8444537114261885
0,Carnivor Cabernet Sauvignon 2019,13.5,0.75,11.99,15.986666666666666,0.8444537114261885
0,Thr3 Monkeys 2022 kartonkitölkki,8.0,1.0,9.48,9.48,0.8438818565400843
0,Domaine la Boutiniere Le Petit Boutin 2019,14.5,0.75,12.91,17.213333333333335,0.8423702556158016
0,Toffee muovipullo,18.0,0.35,7.48,21.371428571428574,0.8422459893048128
0,Thr3 Monkeys Fresh & Fruity White Wine 2022 hanapakkaus,8.0,3.0,28.50,9.5,0.8421052631578947
0,Saku Tume,6.7,0.5,3.98,7.96,0.8417085427135679
0,Metsmaasikas Wild Strawberry muovipullo,21.0,0.2,4.99,24.95,0.841683366733467
0,Berceo Seleccíon Roble 2021,14.0,0.75,12.48,16.64,0.8413461538461539
0,Get Lost Premium Red Blend 2022,14.0,0.75,12.48,16.64,0.8413461538461539
0,Corte Federei Appassite Merlot 2021,14.0,0.75,12.48,16.64,0.8413461538461539
0,Lunaris Malbec Syrah 2021,13.0,0.75,11.59,15.453333333333333,0.8412424503882657
0,Mont'Albano Organic Nero d'Avola 2020,13.0,0.75,11.59,15.453333333333333,0.8412424503882657
0,Seaman's Shot Extra Hot,30.0,0.7,24.99,35.7,0.8403361344537814
0,Combe d'Argent 2021,13.5,0.75,12.05,16.066666666666666,0.8402489626556017
0,Chymos Tyrni Väkevä marjaviini,15.0,0.75,13.39,17.853333333333335,0.8401792382374905
0,Chymos Lakka Väkevä Marjaviini,15.0,0.75,13.39,17.853333333333335,0.8401792382374905
0,Kaiken Estate Malbec 2021,14.0,0.75,12.50,16.666666666666668,0.84
0,San José Gold Tequila,35.0,0.7,29.19,41.7,0.8393285371702637
0,Azueira Além do Rio Rose 2018,9.5,0.75,8.49,11.32,0.8392226148409894
0,Beck's tölkki,5.0,0.5,2.98,5.96,0.8389261744966443
0,The Famous Grouse Smoky Black,40.0,0.7,33.38,47.68571428571429,0.8388256440982623
0,Tais Organic Pinot Noir Rosé 2021,12.5,0.75,11.18,14.906666666666666,0.8385509838998211
0,Aroa Jauna 2019,14.5,0.75,12.98,17.30666666666667,0.8378274268104776
0,D'Arenberg The Stump Jump GSM 2017,14.5,0.75,12.98,17.30666666666667,0.8378274268104776
0,Patrocinio Sancho Garcés Crianza 2018,14.5,0.75,12.98,17.30666666666667,0.8378274268104776
0,Cellier des Dauphins Réserve Intense Côtes du Rhône Villages 2019,14.5,0.75,12.98,17.30666666666667,0.8378274268104776
0,Nugan Alfredo Passo Appassimento 2018,14.5,0.75,12.98,17.30666666666667,0.8378274268104776
0,Piedemonte Grandes Tierras 2016,14.5,0.75,12.98,17.30666666666667,0.8378274268104776
0,Honoro Vera Monastrell Organic 2022,14.5,0.75,12.98,17.30666666666667,0.8378274268104776
0,Matsu El Picaro 2022,14.5,0.75,12.98,17.30666666666667,0.8378274268104776
0,The Golden Stallion Organic Monastrell 2022,14.5,0.75,12.98,17.30666666666667,0.8378274268104776
0,Tommasi Valpolicella 2022 hanapakkaus,12.0,3.0,42.99,14.33,0.837404047452896
0,Dark Horse Buttery Chardonnay 2021 kartonkitölkki,14.5,0.75,12.99,17.32,0.8371824480369515
0,Saku Orginaal tölkki,4.6,0.5,2.75,5.5,0.8363636363636363
0,Indomita Gran Reserva Rose Pinot Noir 2019,12.5,0.75,11.21,14.946666666666667,0.8363068688670829
0,Plantation Barbados Grande Reserve,40.0,0.7,33.49,47.84285714285715,0.8360704687966556
0,Glen Talloch 8 Year Old Blended Malt,40.0,0.7,33.50,47.85714285714286,0.835820895522388
0,Berris Sour Vadelma-Karpalo muovipullo,15.0,0.5,8.98,17.96,0.8351893095768373
0,Gin Lemon Pink Grapefruit muovipullo,16.0,0.5,9.58,19.16,0.8350730688935282
0,Martini Bianco,15.0,1.0,17.98,17.98,0.8342602892102335
0,Barracuda Pineapple Spiced,30.0,0.5,17.98,35.96,0.8342602892102335
0,Martini Rosso,15.0,1.0,17.98,17.98,0.8342602892102335
0,Martini Extra Dry,15.0,1.0,17.98,17.98,0.8342602892102335
0,Lignell & Piispanen Kova Tee,30.0,0.5,17.98,35.96,0.8342602892102335
0,Jaloviina Tammi,41.7,0.7,34.99,49.985714285714295,0.8342383538153757
0,Valhalla,35.0,0.5,20.98,41.96,0.8341277407054337
0,Anciano 35 Year Old Vines Garnacha  2020,15.0,0.75,13.49,17.986666666666668,0.8339510748702742
0,The Famous Grouse Bourbon Cask,40.0,0.7,33.58,47.971428571428575,0.8338296605122096
0,Jameson muovipullo,40.0,0.5,23.99,47.98,0.8336807002917883
0,Sandels A 8-pack tölkki,5.3,2.64,16.80,6.363636363636363,0.8328571428571429
0,Sandels A tölkki,5.3,0.33,2.10,6.363636363636363,0.8328571428571429
0,Black Tower Classic Riesling 2022,12.5,0.75,11.28,15.04,0.8311170212765958
0,Henkell Trocken,11.5,0.75,10.38,13.840000000000002,0.8309248554913293
0,Santerra Mellow & Sweet 2022,10.5,0.75,9.48,12.64,0.8306962025316456
0,Indomita Gran Reserva Viognier 2019,13.5,0.75,12.20,16.266666666666666,0.8299180327868853
0,Montalto Passivento Rosso 2021,13.5,0.375,6.10,16.266666666666666,0.8299180327868853
0,Jim Beam,40.0,0.2,9.64,48.2,0.8298755186721991
0,Scandinavian Laku Shot muovipullo,21.0,0.5,12.66,25.32,0.8293838862559242
0,Jack Daniel's Rye,45.0,0.7,37.98,54.25714285714285,0.8293838862559242
0,Castelvecchio Vino Bianco,11.0,0.75,9.95,13.266666666666666,0.8291457286432161
0,The Famous Grouse Sherry Cask Finish,40.0,0.7,33.78,48.25714285714286,0.8288928359976316
0,Tsantali Retsina,11.0,0.75,9.98,13.306666666666667,0.8266533066132264
0,LAB Vinho Verde White 2019,11.0,0.75,9.98,13.306666666666667,0.8266533066132264
0,Astoria Sushi Sparkling Extra Brut,11.0,0.75,9.98,13.306666666666667,0.8266533066132264
0,Belvino Vino Rosé Extra Dry,11.0,0.75,9.98,13.306666666666667,0.8266533066132264
0,LAB Vinho Verde Rose 2021,11.0,0.75,9.98,13.306666666666667,0.8266533066132264
0,San Valentin Parellada 2022,11.0,0.75,9.98,13.306666666666667,0.8266533066132264
0,C'est Moi Colombard Sauvignon,11.0,0.75,9.98,13.306666666666667,0.8266533066132264
0,Rosière Dry,11.0,0.75,9.98,13.306666666666667,0.8266533066132264
0,Molinari Sambuca Extra,38.0,0.5,22.99,45.98,0.8264462809917356
0,Fair. Belize Rum,40.0,0.7,33.88,48.400000000000006,0.8264462809917354
0,Fireball,33.0,0.5,19.98,39.96,0.8258258258258258
0,Saku Tume tölkki,6.7,0.33,2.68,8.121212121212121,0.8250000000000001
0,Gotto d'Oro Frascati Secco 2020,12.0,0.75,10.91,14.546666666666667,0.8249312557286893
0,Aura Bock tölkki,6.5,0.5,3.94,7.88,0.8248730964467005
0,Peñasol Sangria kartonkitölkki,7.0,1.0,8.49,8.49,0.8244994110718492
0,Peñasol Sangria White kartonkitölkki,7.0,1.0,8.49,8.49,0.8244994110718492
0,Torres 15 Brandy,40.0,0.7,33.98,48.542857142857144,0.824014125956445
0,KWV Big Bill White 2019,13.5,0.75,12.29,16.386666666666667,0.823840520748576
0,La Miranda de Secastilla Garnacha Blanca 2020,13.5,0.75,12.29,16.386666666666667,0.823840520748576
0,Fritz Walter Grauer Burgunder Trocken 2022,12.5,0.75,11.39,15.186666666666667,0.8230904302019315
0,Zensa Pinot Grigio Organico 2022,12.5,0.75,11.39,15.186666666666667,0.8230904302019315
0,Hans Baer Dornfelder Glühwein,11.5,0.75,10.48,13.973333333333334,0.8229961832061068
0,Charles de Fère Blanc de Blanc Brut,11.5,0.75,10.48,13.973333333333334,0.8229961832061068
0,Karhu 4,4.6,0.5,2.80,5.6,0.8214285714285714
0,Citadelle Original Dry Gin,44.0,0.7,37.50,53.57142857142858,0.8213333333333332
0,Castano Ecologico Macabeo,12.0,0.75,10.96,14.613333333333335,0.8211678832116788
0,Olvi Export A 18-pack tölkki,5.2,5.94,37.62,6.333333333333332,0.8210526315789476
0,Karjala IV A 8-pack tölkki,5.2,2.64,16.72,6.333333333333333,0.8210526315789475
0,Olvi Export A 8-pack tölkki,5.2,2.64,16.72,6.333333333333333,0.8210526315789475
0,Karjala A tölkki,5.2,0.33,2.09,6.333333333333333,0.8210526315789475
0,Aura tölkki,5.2,0.33,2.09,6.333333333333333,0.8210526315789475
0,Olvi Export A tölkki,5.2,0.33,2.09,6.333333333333333,0.8210526315789475
0,The Mooring Pinotage 2022,14.0,0.75,12.79,17.05333333333333,0.8209538702111026
0,Campo Viejo Crianza 2018,14.0,0.75,12.79,17.05333333333333,0.8209538702111026
0,Jahti Yrttisnapsi muovipullo,32.0,0.2,7.80,39.0,0.8205128205128205
0,Lamberti Pinot Grigio Ca' Preella 2022,12.0,0.75,10.97,14.626666666666667,0.8204193254329991
0,Lindemans Bin 65 Chardonnay 2022,13.0,0.75,11.89,15.853333333333333,0.8200168208578638
0,Lindeman's Organics Tempranillo 2021,13.0,0.75,11.89,15.853333333333333,0.8200168208578638
0,Sogatia Chianti Riserva 2019,13.0,0.75,11.89,15.853333333333333,0.8200168208578638
0,Viña Maipo Moscato,8.5,0.75,7.78,10.373333333333333,0.8194087403598972
0,Get Lost Chenin Blanc 2022,12.0,0.75,10.99,14.653333333333334,0.818926296633303
0,Lamura Pinot Grigio Organic 2021,12.0,0.75,10.99,14.653333333333334,0.818926296633303
0,Lahofer Veltlínské Zelené 2018,12.0,0.75,10.99,14.653333333333334,0.818926296633303
0,Codorníu Clásico Rosado Cava Brut,12.0,0.75,10.99,14.653333333333334,0.818926296633303
0,Casa Charlize Floreale Pinot Grigio 2022,12.0,0.75,10.99,14.653333333333334,0.818926296633303
0,Adobe Reserva Rosé 2022,12.0,0.75,10.99,14.653333333333334,0.818926296633303
0,Yellow Tail Jammy Red Roo,12.0,0.75,10.99,14.653333333333334,0.818926296633303
0,Amore Mio Organic Rosato 2020,12.0,0.75,10.99,14.653333333333334,0.818926296633303
0,Les Dauphins Rosé 2021,12.0,0.75,10.99,14.653333333333334,0.818926296633303
0,Cono Sur Bicicleta Riesling 2022,12.0,0.75,10.99,14.653333333333334,0.818926296633303
0,KWV Classic Collection Moscato 2021,12.0,0.75,10.99,14.653333333333334,0.818926296633303
0,Johann Baptist Dietrich Riesling Extra Trocken 2021,12.0,0.75,10.99,14.653333333333334,0.818926296633303
0,De Bortoli DB Gewürztraminer Riesling 2021,12.0,0.75,10.99,14.653333333333334,0.818926296633303
0,Devil's Rock Riesling 2022,12.0,0.75,10.99,14.653333333333334,0.818926296633303
0,Rabo de Galo White 2022,12.0,0.75,10.99,14.653333333333334,0.818926296633303
0,Lignell & Piispanen Kuopio Wine,15.0,0.75,13.74,18.32,0.8187772925764192
0,Fords London Dry Gin,45.0,0.7,38.49,54.985714285714295,0.8183943881527668
0,The Busker Triple Cask Triple Smooth,40.0,0.7,34.25,48.92857142857143,0.8175182481751825
0,Zenato Bardolino hanapakkaus,12.5,3.0,45.90,15.299999999999999,0.8169934640522877
0,Dupuy VS muovipullo,40.0,0.5,24.48,48.96,0.8169934640522876
0,Stella Artois tölkki,5.0,0.5,3.06,6.12,0.8169934640522876
0,Rivière du Mât Arrangé Ananas,35.0,0.7,29.99,42.84285714285714,0.8169389796598866
0,Rivière du Mât Arrangé Vanille,35.0,0.7,29.99,42.84285714285714,0.8169389796598866
0,Gato Negro Cabernet Sauvignon 2021 muovipullo,13.0,0.25,3.98,15.92,0.8165829145728644
0,Gato Negro Pinot Noir 2021 muovipullo,13.0,0.25,3.98,15.92,0.8165829145728644
0,Kein Name Grüner Veltliner Trocken 2022,12.5,0.75,11.49,15.32,0.8159268929503917
0,Kendermanns Classic Riesling 2022,12.5,0.75,11.49,15.32,0.8159268929503917
0,Pasqua Villa Borghetti Bardolino Classico 2022,12.5,0.75,11.49,15.32,0.8159268929503917
0,Llai Llai Pinot Grigio 2019,12.5,0.75,11.49,15.32,0.8159268929503917
0,Lergenmüller Grauer Burgunder Trocken 2021,12.5,0.75,11.49,15.32,0.8159268929503917
0,Mille Bisous XXX 2019,12.5,0.75,11.49,15.32,0.8159268929503917
0,Triade della Campania 2021,12.5,0.75,11.49,15.32,0.8159268929503917
0,William Robertson Chardonnay 2022,12.5,0.75,11.49,15.32,0.8159268929503917
0,Running Duck Sauvignon Blanc 2021,12.5,0.75,11.49,15.32,0.8159268929503917
0,Hardys Crest Cabernet Shiraz Merlot 2020,14.0,0.75,12.88,17.173333333333336,0.8152173913043477
0,Diesel Peppermint,20.0,0.2,4.91,24.55,0.8146639511201629
0,M. Chapoutier La Ciboise Costières de Nîmes 2019,14.0,0.75,12.89,17.186666666666667,0.8145849495733126
0,Trollberry Merry Cranberry,15.0,0.7,12.89,18.414285714285715,0.8145849495733126
0,Famiglia Bianchi Chardonnay 2019,14.0,0.75,12.89,17.186666666666667,0.8145849495733126
0,JP. Chenet Cabernet Syrah 2020,13.0,0.25,3.99,15.96,0.8145363408521303
0,Casillero del Diablo Chardonnay 2021,13.0,0.25,3.99,15.96,0.8145363408521303
0,A. Le Coq Porter,6.5,0.5,3.99,7.98,0.8145363408521303
0,Black Tower Rivaner 2022 hanapakkaus,9.5,3.0,34.99,11.663333333333334,0.8145184338382394
0,Gubernija Unfiltered Lager tölkki,5.0,0.568,3.49,6.1443661971831,0.8137535816618909
0,Esquinas Pinot Grigio Cool Climate Selection 2018,13.0,0.75,11.99,15.986666666666666,0.8131776480400333
0,Pinot Noir For You And For Me,13.0,0.75,11.99,15.986666666666666,0.8131776480400333
0,Castaño Vertis 2020,13.0,0.75,11.99,15.986666666666666,0.8131776480400333
0,Raimat Castell Chardonnay Organic 2021,13.0,0.75,11.99,15.986666666666666,0.8131776480400333
0,Girl With A Pearl Earring Merlot 2021,13.0,0.75,11.99,15.986666666666666,0.8131776480400333
0,Spier Signature Chardonnay Pinot Noir Rosé 2021,13.0,0.75,11.99,15.986666666666666,0.8131776480400333
0,Gustave Lorentz Sylvaner Réserve 2020,13.0,0.75,11.99,15.986666666666666,0.8131776480400333
0,19 Crimes The Deported Coffee Red,13.0,0.75,11.99,15.986666666666666,0.8131776480400333
0,Running Duck Shiraz 2021,13.0,0.75,11.99,15.986666666666666,0.8131776480400333
0,Dark Rosé by Tuure Boelius 2022,13.0,0.75,11.99,15.986666666666666,0.8131776480400333
0,Cono Sur Bicicleta Riesling Viognier Gewürztraminer 2022,13.0,0.75,11.99,15.986666666666666,0.8131776480400333
0,Crudo Rosato Nerello Mascalese Organic 2022,13.0,0.75,11.99,15.986666666666666,0.8131776480400333
0,Bonpas Légende de Bonpas Luberon 2021,13.0,0.75,11.99,15.986666666666666,0.8131776480400333
0,Portada Reserva Red 2020,13.0,0.75,11.99,15.986666666666666,0.8131776480400333
0,Piccini Cosi Chianti 2020,13.0,0.75,11.99,15.986666666666666,0.8131776480400333
0,Sibaris Special Edition Single Vineyard Las Gaviotas Riesling 2018,13.0,0.75,11.99,15.986666666666666,0.8131776480400333
0,Nett Paranoia Pinot Noir,13.0,0.75,11.99,15.986666666666666,0.8131776480400333
0,Bajel Pirata Monastrell 2020,13.0,0.75,11.99,15.986666666666666,0.8131776480400333
0,Santa Rita 120 Merlot 2022,13.0,0.75,11.99,15.986666666666666,0.8131776480400333
0,Castillo de Molina Gran Reserva Sauvignon Blanc 2022,13.0,0.75,11.99,15.986666666666666,0.8131776480400333
0,Viva Valentina Organic Pinot Grigio 2020 hanapakkaus,13.0,1.5,23.98,15.986666666666666,0.8131776480400333
0,Laroche Chardonnay L 2022,13.0,0.75,11.99,15.986666666666666,0.8131776480400333
0,Viva Valentina Organic Sangiovese 2022 hanapakkaus,13.0,1.5,23.98,15.986666666666666,0.8131776480400333
0,Escada Touriga Nacional 2021,13.0,0.75,11.99,15.986666666666666,0.8131776480400333
0,Swing Grapefruit Strong Long Drink muovipullo,8.0,0.75,7.38,9.84,0.8130081300813008
0,Saltkis Suolakaramelli Shotti,18.0,0.7,15.50,22.142857142857146,0.8129032258064515
0,Jim Beam Rye,40.0,0.7,34.46,49.228571428571435,0.8125362739408009
0,Havana Club Añejo 7 Años,40.0,0.7,34.48,49.25714285714285,0.8120649651972158
0,Arbellot VS,40.0,0.7,34.48,49.25714285714285,0.8120649651972158
0,Swing Mixx Strong Cider muovipullo,8.0,0.75,7.39,9.853333333333333,0.8119079837618403
0,Swing Dry Apple Strong Cider muovipullo,8.0,0.75,7.39,9.853333333333333,0.8119079837618403
0,Swing Light Perry Strong Cider muovipullo,8.0,0.75,7.39,9.853333333333333,0.8119079837618403
0,Swing Light Apple Strong Cider muovipullo,8.0,0.75,7.39,9.853333333333333,0.8119079837618403
0,Pernod,40.0,0.7,34.49,49.27142857142858,0.8118295158016815
0,Dominio De La Granadilla Verdejo Orgánico 2022,13.5,0.75,12.48,16.64,0.8112980769230769
0,Miopasso Grillo Appassimento 2021,13.5,0.75,12.48,16.64,0.8112980769230769
0,Santa Inés Organic Cabernet Malbec Carmenère hanapakkaus,13.5,1.5,24.97,16.646666666666665,0.8109731678013617
0,Hewitson The Adventures of Miss Harry Shiraz 2022 hanapakkaus,13.5,1.5,24.98,16.653333333333332,0.8106485188150521
0,Mirabeau Prêt à Porter 2019 tölkki,13.0,0.25,4.01,16.04,0.8104738154613467
0,Undurraga Sibaris Pinot Noir 2022 hanapakkaus,13.5,1.5,24.99,16.66,0.8103241296518607
0,Piedemonte Cuatro Tierras 2019,14.0,0.375,6.48,17.28,0.8101851851851851
0,Retsina Malamatina,11.0,0.5,6.79,13.58,0.8100147275405007
0,Grover Chenin Blanc 2017,13.5,0.75,12.50,16.666666666666668,0.8099999999999999
0,Gammel Dansk muovipullo,38.0,0.5,23.48,46.96,0.8091993185689949
0,Castaño GSM,14.0,0.75,12.98,17.30666666666667,0.8089368258859784
0,Juan Gil Moscatel 2018,14.0,0.75,12.98,17.30666666666667,0.8089368258859784
0,Aranleón Blés Roble 2020,14.0,0.75,12.98,17.30666666666667,0.8089368258859784
0,Kaiken Cabernet Sauvignon 2021,14.0,0.75,12.98,17.30666666666667,0.8089368258859784
0,Nero Grande Collezione Privata Zinfandel 2021,14.0,0.75,12.98,17.30666666666667,0.8089368258859784
0,Zensa Primitivo Organico 2022,14.0,0.75,12.98,17.30666666666667,0.8089368258859784
0,Nederburg Cabernet Sauvignon 2020,14.0,0.75,12.98,17.30666666666667,0.8089368258859784
0,Castano Hecula Tinto Monastrell,14.0,0.75,12.98,17.30666666666667,0.8089368258859784
0,Piqueras Old Vines Garnacha 2018,14.0,0.75,12.98,17.30666666666667,0.8089368258859784
0,Dezzani Albarossa 2020,14.0,0.75,12.98,17.30666666666667,0.8089368258859784
0,Villa Puccini Governo all'Uso Toscano 2021,14.0,0.75,12.98,17.30666666666667,0.8089368258859784
0,Hans Baer Riesling 2021 muovipullo,10.5,1.0,12.98,12.98,0.8089368258859784
0,Crudo Nero d'Avola Cabernet Sauvignon 2021,14.0,0.75,12.98,17.30666666666667,0.8089368258859784
0,Hamina Tattoo Punaviini 2022,14.0,0.75,12.98,17.30666666666667,0.8089368258859784
0,2U Duas Uvas Premium 2019,14.0,0.75,12.98,17.30666666666667,0.8089368258859784
0,Cousiño-Macul Chardonnay 2022,14.0,0.75,12.98,17.30666666666667,0.8089368258859784
0,Cameleon Organic Cabernet Sauvignon 2022,14.0,0.75,12.98,17.30666666666667,0.8089368258859784
0,Dezzani La Vecchia Via Red 2016,14.0,0.75,12.98,17.30666666666667,0.8089368258859784
0,Roodeberg Red 2021,14.0,0.75,12.98,17.30666666666667,0.8089368258859784
0,Isolabella Limoncello,30.0,0.7,25.98,37.114285714285714,0.8083140877598153
0,Carillo Herbs & Salmiac muovipullo,21.0,0.5,12.99,25.98,0.8083140877598153
0,Moshi Moshi Organic Red,14.0,0.75,12.99,17.32,0.8083140877598153
0,Gammel Reserve Aquavit,41.5,0.5,25.68,51.36,0.8080218068535826
0,Ruppertsberger R Riesling Organic 2022,12.5,1.0,15.48,15.48,0.8074935400516796
0,Sierra Tequila Gold,38.0,0.7,32.95,47.07142857142858,0.8072837632776934
0,Sierra Tequila Blanco,38.0,0.7,32.95,47.07142857142858,0.8072837632776934
0,Tania hanapakkaus,8.5,3.0,31.59,10.53,0.8072174738841406
0,Riesling Dry Msl 2022,11.5,0.75,10.69,14.253333333333332,0.8068288119738074
0,Casa Santos Lima Gran Fortissimo 2019,14.5,0.75,13.49,17.986666666666668,0.8061527057079317
0,Casa Marrone Appassimento Bianco Organic 2020,14.5,0.75,13.49,17.986666666666668,0.8061527057079317
0,Basson SMG 2021,14.5,0.75,13.49,17.986666666666668,0.8061527057079317
0,Juan Gil Monastrell 2021,14.5,0.75,13.49,17.986666666666668,0.8061527057079317
0,Santa Carolina Assemblage Special Edition 2018,14.5,0.75,13.49,17.986666666666668,0.8061527057079317
0,Babylon's Peak Shiraz Grenache 2021,14.5,0.75,13.49,17.986666666666668,0.8061527057079317
0,Lahden Erikois Pacific Coast IPA tölkki,5.3,0.5,3.29,6.58,0.8054711246200608
0,Teisnacher Hell,4.8,0.5,2.98,5.96,0.8053691275167785
0,Black Bottle,40.0,0.7,34.79,49.7,0.8048289738430583
0,G Glögi Suklaa & Appelsiini,15.0,0.75,13.98,18.64,0.8047210300429184
0,Tio Toto Medium Sweet Sherry,15.0,0.75,13.99,18.653333333333332,0.8041458184417442
0,Flor de Morca Garnacha 2022,15.0,0.75,13.99,18.653333333333332,0.8041458184417442
0,Gassier Coteaux d'Aix-en-Provence Organic 2021 hanapakkaus,12.5,2.25,34.98,15.546666666666665,0.8040308747855919
0,La Fée Absinthe Supérieure,68.0,0.2,16.92,84.60000000000001,0.8037825059101654
0,Aecht Schlenkerla Eiche,8.0,0.5,4.98,9.96,0.8032128514056224
0,Karmeliten Kloster Doppelbock,8.0,0.5,4.98,9.96,0.8032128514056224
0,Kein Name Burgenland Sauvignon Blanc 2022 hanapakkaus,11.5,1.5,21.48,14.32,0.803072625698324
0,Botran 8,40.0,0.7,34.89,49.84285714285715,0.8025222126683863
0,Diplomático Mantuano,40.0,0.7,34.90,49.85714285714286,0.8022922636103151
0,Soerlie VS,40.0,1.0,49.89,49.89,0.8017638805371818
0,Laplandia  Vodka,40.0,0.2,9.98,49.9,0.8016032064128257
0,Jaloviina*** muovipullo,40.0,0.2,9.98,49.9,0.8016032064128257
0,Wente Central Coast Chardonnay 2021 hanapakkaus,13.5,2.25,37.90,16.844444444444445,0.8014511873350924
0,Freixenet Rosado 2019,12.0,0.75,11.24,14.986666666666666,0.800711743772242
0,Freixenet Sauvignon Blanc 2020,12.0,0.75,11.24,14.986666666666666,0.800711743772242
0,Bols Butterscotch,24.0,0.5,14.99,29.98,0.800533689126084
0,Corvers Kauter R3 Rheingau Riesling Remastered 2022 hanapakkaus,12.0,2.0,29.98,14.99,0.800533689126084
0,Jalokahvi Tumma Paahto muovipullo,28.0,0.5,17.49,34.98,0.8004574042309892
0,Jalokahvi muovipullo,28.0,0.5,17.49,34.98,0.8004574042309892
0,Bombay Sapphire London Dry Gin,40.0,0.7,34.98,49.97142857142857,0.8004574042309892
0,Sailor Jerry Spiced,40.0,0.7,34.98,49.97142857142857,0.8004574042309892
0,Bacardi Reserva Ocho,40.0,0.7,34.98,49.97142857142857,0.8004574042309892
0,Reviseur VS,40.0,1.0,49.98,49.98,0.8003201280512205
0,Soerlie VS muovipullo,40.0,0.5,24.99,49.98,0.8003201280512205
0,Metaxa 7 Stars,40.0,0.7,34.99,49.985714285714295,0.800228636753358
0,D Argentum Dild Aquavit,40.0,0.5,25.00,50.0,0.8
0,Steinschaden Grüner Veltliner Engabrunn 2022,13.0,0.75,12.19,16.253333333333334,0.7998359310910582
0,Lomond Sauvignon Blanc 2018,13.0,0.75,12.20,16.266666666666666,0.7991803278688525
0,Alvariini Punaisen Tuvan Marjaviini,13.0,0.75,12.21,16.28,0.7985257985257985
0,Black Tower Dornfelder Pinot Noir 2022,12.0,0.75,11.28,15.04,0.797872340425532
0,Francisco Gomez Eko Red,13.5,0.75,12.69,16.919999999999998,0.797872340425532
0,Kein Name Rheinhessen Riesling Trocken,12.0,0.75,11.28,15.04,0.797872340425532
0,Leib Wächter Herbal Elixir,35.0,0.5,21.95,43.9,0.7972665148063781
0,Jules Gautret VS muovipullo,40.0,0.5,25.13,50.26,0.7958615200955034
0,Saku Antvärk IPA tölkki,6.0,0.33,2.49,7.545454545454546,0.7951807228915663
0,Irrepetible de Altolandon 2016,14.0,0.75,13.21,17.613333333333333,0.7948523845571537
0,Kleine Zalze Vineyard Selection Shiraz Mourvèdre Viognier 2016,14.5,0.75,13.69,18.253333333333334,0.7943754565376187
0,Hetényi Tábornok Kékfrankos 2017,14.5,0.75,13.70,18.266666666666666,0.7937956204379563
0,Hunawihr Riesling Réserve 2021,13.0,0.75,12.29,16.386666666666667,0.7933279088689992
0,Convento da Gloria Tinta Roriz 2022,13.0,0.75,12.30,16.400000000000002,0.7926829268292682
0,Messias Porto Ruby,19.0,0.75,17.98,23.973333333333333,0.792547274749722
0,Two Oceans Lightkeeper Rosé 2021,9.5,0.75,8.99,11.986666666666666,0.792547274749722
0,Two Oceans Lightkeeper White  2021,9.5,0.75,8.99,11.986666666666666,0.792547274749722
0,Liisa Kuningatar Mansikka,5.5,1.0,6.94,6.94,0.7925072046109509
0,Trois Citrus,40.0,0.7,35.35,50.50000000000001,0.792079207920792
0,Bohemia Regent Prezident tölkki,6.0,0.5,3.79,7.58,0.7915567282321899
0,Sound of Wine Demi-Sec,11.5,0.75,10.90,14.533333333333333,0.7912844036697247
0,Jaume Serra Rosado Cava Brut,11.5,0.75,10.90,14.533333333333333,0.7912844036697247
0,La Brava Cava Semi Seco Organic,11.5,0.75,10.90,14.533333333333333,0.7912844036697247
0,Loimu Luomuglögi,10.0,0.75,9.48,12.64,0.7911392405063291
0,Ksarak,53.0,0.7,46.90,67.0,0.7910447761194029
0,Casa Silva Carmenère Reserva 2022,14.0,0.75,13.28,17.706666666666667,0.7906626506024096
0,Vilma Verigreippi muovipullo,15.0,0.5,9.49,18.98,0.7903055848261328
0,Suomi Shotti Inkivääri-Lakritsi muovipullo,18.0,0.35,7.98,22.800000000000004,0.7894736842105262
0,Monopol VS,40.0,0.7,35.48,50.68571428571428,0.7891770011273957
0,Gatão Rosé,10.5,0.75,9.98,13.306666666666667,0.7890781563126252
0,Murviedro Coleccion Tempranillo 2021,13.0,0.1875,3.09,16.48,0.7888349514563107
0,Bayou Spiced,40.0,0.7,35.50,50.714285714285715,0.7887323943661971
0,Patriarche Pinot Noir 2021,12.5,0.75,11.89,15.853333333333333,0.7884777123633305
0,Santa Vittoria Max Langhe Rosato  2019,12.5,0.75,11.89,15.853333333333333,0.7884777123633305
0,Pipar Organic Chilli Vodka,40.0,0.5,25.37,50.74,0.7883326763894363
0,Liisa Mansikka & Sitruuna kartonkitölkki,5.5,1.0,6.98,6.98,0.7879656160458453
0,Bulleit Bourbon,45.0,0.7,39.98,57.114285714285714,0.7878939469734868
0,Veterano Solera Reserva,36.0,0.7,31.99,45.7,0.787746170678337
0,Jean Pierre Classique Dry,11.0,0.75,10.48,13.973333333333334,0.7872137404580152
0,Stroh Rum Punsch,25.0,0.5,15.89,31.78,0.7866582756450597
0,Wild Turkey 101,50.5,0.7,44.95,64.21428571428572,0.78642936596218
0,Willowglen Gewürztraminer Riesling 2021,11.5,0.75,10.97,14.626666666666667,0.7862351868732907
0,Pata Negra Rose Cava Brut,11.5,0.75,10.98,14.64,0.78551912568306
0,Bitchy Blend 2022,11.5,0.75,10.98,14.64,0.78551912568306
0,Maison du Vin Chardonnay 2021,13.5,0.75,12.89,17.186666666666667,0.7854926299456944
0,Mielensäpahoittajan Parempi Punainen 2021,13.5,0.75,12.89,17.186666666666667,0.7854926299456944
0,Mayu Rose 2022,13.5,0.75,12.90,17.2,0.7848837209302326
0,Val d'Oca Specchio Spumante Extra Dry,11.5,0.75,10.99,14.653333333333334,0.7848043676069153
0,Yellow Tail Sauvignon Blanc 2022,11.5,0.75,10.99,14.653333333333334,0.7848043676069153
0,Jaume Serra Organic Cava Brut,11.5,0.75,10.99,14.653333333333334,0.7848043676069153
0,Monistrol Selección Especial Cava Brut,11.5,0.75,10.99,14.653333333333334,0.7848043676069153
0,Yellow Tail Pinot Grigio 2022,11.5,0.75,10.99,14.653333333333334,0.7848043676069153
0,Yalumba Y Series Sangiovese Rose,11.5,0.75,10.99,14.653333333333334,0.7848043676069153
0,Catch & Release Organic Sauvignon Blanc 2020 kartonkitölkki,11.5,0.75,10.99,14.653333333333334,0.7848043676069153
0,Codorníu Clásico Cava Sec Organic,11.5,0.75,10.99,14.653333333333334,0.7848043676069153
0,Alexander Grappa Prosecco,38.0,0.7,33.90,48.42857142857143,0.7846607669616519
0,Boulard Grand Solage Calvados,40.0,0.5,25.49,50.98,0.7846214201647705
0,Shaman's Bilberry Vodka,37.5,0.7,33.48,47.82857142857143,0.7840501792114696
0,Glendalough Double Barrel Single Grain,42.0,0.7,37.50,53.57142857142858,0.7839999999999999
0,Cavit Sanvigilio Chardonnay 2022,12.0,0.375,5.74,15.306666666666667,0.7839721254355401
0,Saltkis Salty Caramel & Choco Cookie Shot muovipullo,18.0,0.5,11.48,22.96,0.7839721254355401
0,Budejovický Budvar tölkki,5.0,0.5,3.19,6.38,0.7836990595611285
0,Black Tower Riesling Gewürztraminer 2022,12.0,0.75,11.49,15.32,0.783289817232376
0,Itinera Müller-Thurgau 2021,12.0,0.75,11.49,15.32,0.783289817232376
0,Fortant de France Merlot Rosé 2019,12.0,0.75,11.49,15.32,0.783289817232376
0,Kein Name Zweigelt Rosé Trocken,12.0,0.75,11.49,15.32,0.783289817232376
0,Felix Solis Mucho Mas Extra Dry 2022,12.0,0.75,11.49,15.32,0.783289817232376
0,Frischer Morgentau Organic Riesling 2022,12.0,0.75,11.49,15.32,0.783289817232376
0,Wonderland by Minna Parikka Rosé Cava Brut,12.0,0.75,11.49,15.32,0.783289817232376
0,Gammel Dansk,38.0,0.35,16.98,48.51428571428572,0.7832744405182567
0,Grönstedts VS,40.0,0.7,35.76,51.08571428571429,0.7829977628635346
0,Elsa Bianchi Chardonnay 2019,12.0,0.75,11.50,15.333333333333334,0.7826086956521738
0,Sofia y Sebastian Organic Riesling 2021 kartonkitölkki,12.5,0.75,11.98,15.973333333333334,0.7825542570951586
0,Monte dos Amigos Rosé 2022,12.5,0.375,5.99,15.973333333333334,0.7825542570951586
0,Yali Wetland Reserva Carménère 2019,13.0,0.75,12.46,16.613333333333333,0.7825040128410915
0,Yali Wetland Reserva Gewürztraminer 2020,13.0,0.75,12.46,16.613333333333333,0.7825040128410915
0,Famiglia Bianchi Malbec 2021,14.5,0.75,13.90,18.533333333333335,0.7823741007194244
0,A. Le Coq Gin Long Drink tölkki,5.5,0.33,2.32,7.030303030303029,0.7823275862068967
0,A. Le Coq Gin Long Drink 6-pack tölkki,5.5,1.98,13.92,7.03030303030303,0.7823275862068966
0,Running Duck White 2021,12.5,0.75,11.99,15.986666666666666,0.7819015846538783
0,Winkler-Hermaden Sauvignon Blanc  2020,12.5,0.75,11.99,15.986666666666666,0.7819015846538783
0,Running Duck Merlot 2022,12.5,0.75,11.99,15.986666666666666,0.7819015846538783
0,Yalumba Y Series Pinot Grigio 2021,12.5,0.75,11.99,15.986666666666666,0.7819015846538783
0,Evans & Tate Classic Sauvignon Blanc 2019,12.5,0.75,11.99,15.986666666666666,0.7819015846538783
0,In Me Bianco 2020,12.5,0.75,11.99,15.986666666666666,0.7819015846538783
0,Mont-Ferrant Americano Organic Cava Brut Nature,12.5,0.75,11.99,15.986666666666666,0.7819015846538783
0,Belrose Rose 2020,12.5,0.75,11.99,15.986666666666666,0.7819015846538783
0,Mon Grand Grenache Blanc 2021,12.5,0.75,11.99,15.986666666666666,0.7819015846538783
0,Hardys Crest Chardonnay Sauvignon Blanc 2022,12.5,0.75,11.99,15.986666666666666,0.7819015846538783
0,Zen Garden Riesling 2022,12.5,0.75,11.99,15.986666666666666,0.7819015846538783
0,In Me Rosato 2020,12.5,0.75,11.99,15.986666666666666,0.7819015846538783
0,Pfaff Special 2022,12.5,0.75,11.99,15.986666666666666,0.7819015846538783
0,Hans Baer Riesling Sekt Dry,12.5,0.75,11.99,15.986666666666666,0.7819015846538783
0,Moonlight Manor Chenin Blanc Sauvignon Blanc 2022,12.5,0.75,11.99,15.986666666666666,0.7819015846538783
0,Crudo Catarratto Zibibbo 2022,12.5,0.75,11.99,15.986666666666666,0.7819015846538783
0,Bestheim Riesling Premium Réserve 2019,12.5,0.75,11.99,15.986666666666666,0.7819015846538783
0,Rose Feravino 2022,12.5,0.75,11.99,15.986666666666666,0.7819015846538783
0,La Méridienne Organic Rosé 2021,12.5,0.75,11.99,15.986666666666666,0.7819015846538783
0,Devil's Rock Pinot Noir 2022,12.5,0.75,11.99,15.986666666666666,0.7819015846538783
0,Paxis Red Blend 2020,12.5,0.75,11.99,15.986666666666666,0.7819015846538783
0,Lahden Erikois A tölkki,5.3,0.5,3.39,6.78,0.7817109144542772
0,RAW Reserved & Wild Organic  Chardonnay Sauvignon Blanc 2021,13.0,0.75,12.48,16.64,0.78125
0,Sangre de Toro Original 2021,13.5,0.375,6.48,17.28,0.78125
0,Pietro di Campo Barbera Silenzio  2020,13.0,0.75,12.48,16.64,0.78125
0,Nederburg Sauvignon Blanc 2022,13.0,0.75,12.48,16.64,0.78125
0,Ruppertsberger Imperial Pinot Noir 2022,13.0,0.75,12.48,16.64,0.78125
0,Murviedro Pasión White Organic 2020,13.0,0.75,12.48,16.64,0.78125
0,Piqueras Organic Wild Fermented Verdejo 2021,13.0,0.75,12.48,16.64,0.78125
0,Trapiche Extravaganza Red Blend 2020,13.0,0.75,12.48,16.64,0.78125
0,Cuatro Rayas Cuarenta Vendimias Sauvignon Blanc 2022,13.0,0.75,12.48,16.64,0.78125
0,Helmi Mangokermalikööri muovipullo,17.0,0.5,10.88,21.76,0.7812499999999999
0,Gubernija Unfiltered Wheat Hefeweizen tölkki,4.8,0.568,3.49,6.1443661971831,0.7812034383954153
0,Baron de Ley Blanco 2022,13.0,0.75,12.49,16.653333333333332,0.7806244995996798
0,Planat VS Select,40.0,0.7,35.89,51.27142857142857,0.780161604903873
0,Castelmondo Valpolicella Ripasso Superiore 2019,13.5,0.75,12.98,17.30666666666667,0.7800462249614791
0,Santa Julia Organic Viognier 2022,13.5,0.75,12.98,17.30666666666667,0.7800462249614791
0,Vigneti del Vulture Pipoli Aglianico 2020,13.5,0.75,12.98,17.30666666666667,0.7800462249614791
0,Love Noir Pinot Noir 2015,13.5,0.75,12.98,17.30666666666667,0.7800462249614791
0,Cono Sur Organic Cabernet Sauvignon Carmenere Syrah 2021,13.5,0.75,12.98,17.30666666666667,0.7800462249614791
0,Il Prugneto Sangiovese Superiore 2020,13.5,0.75,12.98,17.30666666666667,0.7800462249614791
0,Borneo Apasionado Tempranillo 2022,13.5,0.75,12.98,17.30666666666667,0.7800462249614791
0,Piccini Costa Toscana Organic Rosso 2018,13.5,0.75,12.98,17.30666666666667,0.7800462249614791
0,Gracia de Chile Cabernet Sauvignon 2020,13.5,0.75,12.98,17.30666666666667,0.7800462249614791
0,Confidencial Reserva 2018,13.5,0.75,12.98,17.30666666666667,0.7800462249614791
0,Simonsig Chenin Blanc 2021,13.5,0.75,12.98,17.30666666666667,0.7800462249614791
0,Ruppertsberger Imperial Riesling 2022,13.5,0.75,12.98,17.30666666666667,0.7800462249614791
0,Calvet Cahors Malbec 2022,13.5,0.75,12.98,17.30666666666667,0.7800462249614791
0,Nederburg Shiraz 2019,13.5,0.75,12.98,17.30666666666667,0.7800462249614791
0,Gran Mirador Reserva 2018,13.5,0.75,12.98,17.30666666666667,0.7800462249614791
0,Le Grand Noir Chardonnay 2022,13.5,0.75,12.98,17.30666666666667,0.7800462249614791
0,Colores Santos Cabernet Sauvignon Syrah 2021,13.5,0.75,12.98,17.30666666666667,0.7800462249614791
0,Vistamar Single Estate Cabernet Sauvignon 2020,13.5,0.75,12.98,17.30666666666667,0.7800462249614791
0,La Vieille Ferme Rouge 2020,13.5,0.75,12.98,17.30666666666667,0.7800462249614791
0,Silk & Spice Red Blend 2021,13.5,0.75,12.98,17.30666666666667,0.7800462249614791
0,Merino Organic 2022,13.5,0.75,12.98,17.30666666666667,0.7800462249614791
0,The Grinder Pinotage 2021,13.5,0.75,12.98,17.30666666666667,0.7800462249614791
0,Gracia de Chile Malbec 2019,13.5,0.75,12.98,17.30666666666667,0.7800462249614791
0,Anselmann Weißburgunder Trocken 2021,13.5,0.75,12.98,17.30666666666667,0.7800462249614791
0,Femar Urbe Aeterna Roma Rosso 2019,13.5,0.75,12.98,17.30666666666667,0.7800462249614791
0,Le Grand Noir Cabernet Syrah 2021,13.5,0.75,12.98,17.30666666666667,0.7800462249614791
0,Trapiche Reserve Malbec 2021,13.5,0.75,12.98,17.30666666666667,0.7800462249614791
0,Llai Llai Pinot Noir 2021,13.5,0.75,12.98,17.30666666666667,0.7800462249614791
0,Les Carabènes Pinot Noir 2021,13.5,0.75,12.98,17.30666666666667,0.7800462249614791
0,Crafty Hedgehog Biodynamic 2022,13.5,0.75,12.98,17.30666666666667,0.7800462249614791
0,Colores Santos Sauvignon Chardonnay 2022,13.5,0.75,12.98,17.30666666666667,0.7800462249614791
0,Kaiken Estate Malbec Rosé 2021,13.0,0.75,12.50,16.666666666666668,0.7799999999999999
0,Laplandia Bilberry Vodka,40.0,0.7,35.90,51.285714285714285,0.7799442896935933
0,Laplandia Lingonberry Vodka,40.0,0.7,35.90,51.285714285714285,0.7799442896935933
0,El Tesoro Monastrell 2022,14.0,0.5,8.98,17.96,0.7795100222717148
0,Backwoods Merlot Cabernet Petite Sirah 2020,13.5,0.75,12.99,17.32,0.7794457274826789
0,Casas del Bosque Reserva Sauvignon Blanc 2022,13.5,0.75,12.99,17.32,0.7794457274826789
0,Fantini Collection Bianco 2017,12.0,0.75,11.55,15.4,0.7792207792207793
0,Luxardo Sambuca Dei Cesari,38.0,0.5,24.39,48.78,0.7790077900779008
0,Terre Cevico Merlot Biologico 2021,14.0,0.75,13.48,17.973333333333333,0.7789317507418397
0,Neuzeller Bock,6.2,0.5,3.98,7.96,0.7788944723618091
0,Neuzeller Weihnachtsbier Lager Hell,6.2,0.5,3.98,7.96,0.7788944723618091
0,Koff Suodattamaton tölkki,5.0,0.5,3.21,6.42,0.778816199376947
0,Koff,4.6,0.33,1.95,5.909090909090908,0.7784615384615385
0,Gonzalo de Berceo Crianza 2019,14.0,0.75,13.49,17.986666666666668,0.7783543365455893
0,Bonpas Côtes du Rhône 2022,14.0,0.75,13.49,17.986666666666668,0.7783543365455893
0,Grillo Selezione di Famiglia Organic 2021,14.0,0.75,13.49,17.986666666666668,0.7783543365455893
0,Norton Barrel Select Cabernet Sauvignon 2022 lahjapakkaus,14.0,0.75,13.49,17.986666666666668,0.7783543365455893
0,Fishshot,30.0,0.7,26.98,38.542857142857144,0.7783543365455893
0,Condestavel Premium,14.0,0.75,13.49,17.986666666666668,0.7783543365455893
0,Finlandia Botanical Cucumber and Mint,30.0,0.7,26.98,38.542857142857144,0.7783543365455893
0,Finlandia Botanical Wildberry and Rose,30.0,0.7,26.98,38.542857142857144,0.7783543365455893
0,Piedemonte Hidden Stars Garnacha Merlot 2019,14.0,0.75,13.49,17.986666666666668,0.7783543365455893
0,Codorníu Tempranillo Organic,14.0,0.75,13.49,17.986666666666668,0.7783543365455893
0,Afectus Premium by Curvos 2020,14.0,0.75,13.49,17.986666666666668,0.7783543365455893
0,Eiko Vodka,40.0,0.7,35.98,51.4,0.7782101167315175
0,Glen Moray Peated Single Malt,40.0,0.7,35.98,51.4,0.7782101167315175
0,Motörhead Vodka,40.0,0.7,35.98,51.4,0.7782101167315175
0,Grind Espresso Shot,30.0,0.7,26.99,38.55714285714286,0.7780659503519822
0,Pisco Mistral Añejado en Roble,40.0,0.7,35.99,51.41428571428572,0.7779938871908862
0,Monnet VS lahjapakkaus,40.0,0.7,35.99,51.41428571428572,0.7779938871908862
0,Tarquin's Cornish Dry Gin,42.0,0.35,18.90,54.0,0.7777777777777778
0,Montes Limited Selection Pinot Noir 2020,14.5,0.75,13.99,18.653333333333332,0.7773409578270193
0,In Me Collezione Organic Primitivo 2020,14.5,0.75,13.99,18.653333333333332,0.7773409578270193
0,Bajel Pirata Monastrell 4 Meses en Barrica 2019,14.5,0.75,13.99,18.653333333333332,0.7773409578270193
0,Tension La Ribera Cabernet Sauvignon Cabernet Franc 2019,14.5,0.75,13.99,18.653333333333332,0.7773409578270193
0,Herencia Altes Cupatge Negre 2017,14.5,0.75,13.99,18.653333333333332,0.7773409578270193
0,Parés Baltà Mas Petit Organic 2019,14.5,0.75,13.99,18.653333333333332,0.7773409578270193
0,Montes Limited Selection Cabernet Sauvignon-Carmenère 2022,14.5,0.75,13.99,18.653333333333332,0.7773409578270193
0,Wakefield Merlot 2020,14.5,0.75,13.99,18.653333333333332,0.7773409578270193
0,Château Haut Balastard Bordeaux 2019,14.5,0.75,13.99,18.653333333333332,0.7773409578270193
0,Passi Reali Organico Appassimento Bianco 2022,14.5,0.75,13.99,18.653333333333332,0.7773409578270193
0,Gran Marius Reserva Selección 2017,14.5,0.75,13.99,18.653333333333332,0.7773409578270193
0,Casa Marrone Appassimento Organic 2022,14.5,0.75,13.99,18.653333333333332,0.7773409578270193
0,Wyndham Estate Bin 555 Shiraz 2021,14.5,0.75,13.99,18.653333333333332,0.7773409578270193
0,Salmari,25.0,0.7,22.53,32.18571428571429,0.7767421216156235
0,Manz Platónico Branco 2018,13.0,0.75,12.56,16.746666666666666,0.7762738853503185
0,Dulban Red Organic 2020 tölkki,14.0,0.25,4.51,18.04,0.7760532150776054
0,Cantina Clairevue Riesling 2021,12.0,0.75,11.61,15.479999999999999,0.7751937984496124
0,Schneider Weisse Tap 6 Mein Aventinus,8.2,0.5,5.29,10.58,0.775047258979206
0,Schneider Weisse Tap 5 Meine Hopfenweisse,8.2,0.5,5.29,10.58,0.775047258979206
0,Bols Parfait Amour,24.0,0.5,15.49,30.98,0.7746933505487411
0,Graffigna Centenario Malbec 2021,13.5,0.75,13.09,17.453333333333333,0.7734912146676852
0,Patritti P Shiraz 2019,14.0,0.75,13.59,18.12,0.7726269315673289
0,Blue Nun Riesling hanapakkaus,9.0,3.0,34.95,11.65,0.7725321888412017
0,Laplandia Mint Vodka,37.5,0.7,33.98,48.542857142857144,0.7725132430841671
0,Laplandia Espresso Vodka,37.5,0.7,33.98,48.542857142857144,0.7725132430841671
0,Laplandia Lemon Vodka,37.5,0.7,33.98,48.542857142857144,0.7725132430841671
0,Laplandia Coconut Vodka,37.5,0.7,33.98,48.542857142857144,0.7725132430841671
0,Bush Rum Passionfruit & Guava,37.5,0.7,33.98,48.542857142857144,0.7725132430841671
0,Conde de Monsul Tawny Port,19.0,0.75,18.48,24.64,0.7711038961038961
0,Luxardo Sour Cherry Gin,37.5,0.7,34.05,48.64285714285714,0.7709251101321587
0,Absente Absinthe 55,55.0,0.7,49.95,71.35714285714286,0.7707707707707707
0,Jägermeister Scharf,33.0,0.7,29.98,42.82857142857143,0.7705136757838559
0,Porto Cruz White,19.0,0.75,18.50,24.666666666666668,0.7702702702702703
0,Porto Cruz Tawny,19.0,0.75,18.50,24.666666666666668,0.7702702702702703
0,Porto Cruz Pink,19.0,0.75,18.50,24.666666666666668,0.7702702702702703
0,The Quiet Man,40.0,0.5,25.97,51.94,0.7701193685021178
0,Larsen Very Special muovipullo,40.0,0.5,25.98,51.96,0.7698229407236336
0,Saimaa Vahva IPA tölkki,7.0,0.5,4.55,9.1,0.7692307692307693
0,Beaujolais Nouveau Fleurs 2023,13.0,0.75,12.69,16.919999999999998,0.7683215130023642
0,Mallaskoski Baltic Porter tölkki,5.5,0.5,3.58,7.16,0.7681564245810055
0,Paulaner Münchner Hell tölkki,4.9,0.5,3.19,6.38,0.7680250783699061
0,Glen Moray Sherry Cask Finish Single Malt,40.0,0.7,36.50,52.142857142857146,0.7671232876712328
0,Glen Moray Port Cask Finish Single Malt,40.0,0.7,36.50,52.142857142857146,0.7671232876712328
0,Holba Premium,5.2,0.5,3.39,6.78,0.7669616519174042
0,Karjala A 6-pack tölkki,5.2,3.0,20.34,6.78,0.7669616519174042
0,Saku Kuld,5.2,0.5,3.39,6.78,0.7669616519174042
0,Tucher Bajuvator,7.5,0.5,4.89,9.78,0.7668711656441718
0,Pinknik Rose 2022 hanapakkaus,12.0,1.5,23.48,15.653333333333334,0.766609880749574
0,Rosen-Secco,8.0,0.75,7.83,10.44,0.7662835249042146
0,Southern Comfort,35.0,0.35,15.99,45.68571428571429,0.7661038148843026
0,Sheep Dog Peanut Butter,35.0,0.7,31.98,45.68571428571429,0.7661038148843026
0,Hotti Hedelmä-Salmiakki muovipullo,15.0,0.5,9.79,19.58,0.7660878447395302
0,Barsol Pisco Quebranta,41.5,0.7,37.95,54.21428571428572,0.7654808959156784
0,Cantina di Custoza Pinot Grigio 2022,12.5,0.75,12.25,16.333333333333332,0.7653061224489797
0,Custoza Terre in Fiore Organic 2022,12.5,0.75,12.25,16.333333333333332,0.7653061224489797
0,Canaïma Small Batch Gin,47.0,0.7,42.99,61.41428571428572,0.7652942544777854
0,Alcesti Heila Rosso 2021,13.0,0.75,12.75,17.0,0.7647058823529411
0,Villa Massa Limoncello,30.0,0.7,27.50,39.285714285714285,0.7636363636363637
0,Cuatro Rayas Organic Tempranillo 2022,13.5,0.75,13.26,17.68,0.7635746606334842
0,B-Liv Cabernet Sauvignon Organic 2020,13.0,0.75,12.79,17.05333333333333,0.7623143080531667
0,Bayou Pink,37.5,0.7,34.49,49.27142857142858,0.7610901710640764
0,Krohn Lágrima Fine White Port,20.0,0.75,19.72,26.293333333333333,0.7606490872210954
0,Jose Cuervo Especial Silver Tequila,38.0,0.5,24.99,49.98,0.7603041216486595
0,Jose Cuervo Especial Reposado Tequila,38.0,0.5,24.99,49.98,0.7603041216486595
0,Tsipouro Abaton,38.0,0.5,24.99,49.98,0.7603041216486595
0,Crafter's London Dry Gin lahjapakkaus,43.0,0.7,39.60,56.57142857142858,0.76010101010101
0,Bols Apricot Brandy,24.0,0.5,15.79,31.58,0.759974667511083
0,Carlsberg tölkki,5.0,0.5,3.29,6.58,0.7598784194528875
0,Alcymist Amaretto,28.0,0.35,12.90,36.85714285714286,0.7596899224806201
0,Laitilan Kukko Vahva Pils tölkki,5.5,0.33,2.39,7.242424242424242,0.7594142259414226
0,Laitilan Kukko Vahva Pils 12-pack tölkki,5.5,3.96,28.68,7.242424242424242,0.7594142259414226
0,Erdinger Weissbier tölkki,5.3,0.5,3.49,6.98,0.7593123209169054
0,Hector Legrand,40.0,0.7,36.89,52.7,0.7590132827324477
0,Jean Claude Debeaune Beaujolais Nouveau 2022,13.0,0.75,12.86,17.146666666666665,0.7581648522550545
0,Nordfors Luomu Valkoviiniglögi muovipullo,10.0,0.75,9.90,13.200000000000001,0.7575757575757576
0,Skagerrak Gin,44.9,0.7,41.50,59.28571428571429,0.7573493975903614
0,Pierre Ferrand Dry Curaçao,40.0,0.7,36.98,52.82857142857143,0.7571660356949702
0,Hunawihr Pinot Blanc Réserve 2021,13.0,0.75,12.88,17.173333333333336,0.7569875776397514
0,Moses Vodka,40.0,0.7,36.99,52.84285714285715,0.7569613409029466
0,Tamnavulin Sherry Cask Single Malt,40.0,0.7,36.99,52.84285714285715,0.7569613409029466
0,Moses Arak,40.0,0.7,36.99,52.84285714285715,0.7569613409029466
0,Bache Gabrielsen 3 Kors VS,40.0,0.7,36.99,52.84285714285715,0.7569613409029466
0,The Hellacopters Riot on the Rocks,40.0,0.7,36.99,52.84285714285715,0.7569613409029466
0,Hans Baer Pinot Noir 2021,12.0,0.75,11.89,15.853333333333333,0.7569386038687973
0,Poli Elisir Prugna,40.0,0.7,37.00,52.85714285714286,0.7567567567567567
0,Lignell's Puolukka-Pihlajanmarja,21.0,0.5,13.89,27.78,0.755939524838013
0,Piccini Organic Chianti 2019,13.0,0.75,12.90,17.2,0.7558139534883721
0,Conte Ricci Piemonte Barbera 2020,13.0,0.75,12.90,17.2,0.7558139534883721
0,Harveys Aperitivo Orange,15.0,0.75,14.89,19.853333333333335,0.7555406312961719
0,Segno Librandi Cirò Rosso Classico 2019,14.0,0.75,13.90,18.533333333333335,0.7553956834532374
0,Jaloviina Jalmari,30.0,0.5,19.89,39.78,0.7541478129713424
0,Gato Negro Sauvignon Blanc 2021 muovipullo,12.0,0.25,3.98,15.92,0.7537688442211056
0,Suomenlinnan Gyllenborg IPA tölkki,6.0,0.5,3.98,7.96,0.7537688442211056
0,Hewitson The Adventures of Miss Harry Riesling 2022 hanapakkaus,10.5,1.5,20.90,13.933333333333332,0.7535885167464116
0,Mallaskosken Amber Lager tölkki,5.5,0.5,3.65,7.3,0.7534246575342466
0,Mint Fresh Pfefferminzlikör,20.0,0.2,5.31,26.549999999999997,0.7532956685499059
0,Pajazzo White Notes 2021,12.0,0.75,11.95,15.933333333333332,0.7531380753138076
0,Pajazzo Red Notes,12.0,0.75,11.95,15.933333333333332,0.7531380753138076
0,Plymouth Gin Navy Strength,57.0,0.7,52.98,75.68571428571428,0.753114382785957
0,Ridgeway Lump of Coal Dark Holiday Stout,7.5,0.5,4.98,9.96,0.753012048192771
0,Wieninger Impulsator,7.5,0.5,4.98,9.96,0.753012048192771
0,Ridgeway Very Bad Elf,7.5,0.5,4.98,9.96,0.753012048192771
0,Gebrüder Nittnaus Zweigelt Selection 2021,13.0,0.75,12.95,17.266666666666666,0.752895752895753
0,Mount Gay Black Barrel,43.0,0.7,39.98,57.114285714285714,0.7528764382191095
0,Winemalia Medium Dry White Bear Blend 2022 kartonkitölkki,9.0,0.5,5.98,11.96,0.7525083612040133
0,Bols Cacao White,24.0,0.5,15.95,31.9,0.7523510971786834
0,Tarapacá Reserva Organic Syrah 2021,14.0,0.375,6.98,18.613333333333333,0.7521489971346705
0,Ivana Helsinki Kiss Prosecco Rosé Extra Dry 2020,11.0,0.75,10.97,14.626666666666667,0.7520510483135825
0,Bereich Nahetal 2022,8.0,0.75,7.98,10.64,0.7518796992481203
0,Casal Garcia Fruitzy Pear,8.0,0.75,7.98,10.64,0.7518796992481203
0,Rüdesheimer Rosengarten 2021,8.0,0.75,7.98,10.64,0.7518796992481203
0,Trerose Rosso di Montepulciano 2020,14.0,0.75,13.97,18.62666666666667,0.7516105941302791
0,Koskenkorva Choco-Coffee muovipullo,15.0,0.5,9.98,19.96,0.751503006012024
0,Koskenkorva Raspberry Pine muovipullo,37.5,0.2,9.98,49.9,0.751503006012024
0,Talvikki Rosé Glögi,10.0,0.75,9.98,13.306666666666667,0.751503006012024
0,Monte Santi Spritz Bitter Orange,10.0,0.75,9.98,13.306666666666667,0.751503006012024
0,Blue Nun Rivaner 2021,10.0,0.75,9.98,13.306666666666667,0.751503006012024
0,Blossa Ekologisk Vinglögg,10.0,0.75,9.98,13.306666666666667,0.751503006012024
0,Koskenkorva Peach Raspberry muovipullo,15.0,0.5,9.98,19.96,0.751503006012024
0,Blossa Rose Glögg,10.0,0.75,9.98,13.306666666666667,0.751503006012024
0,Valkia Puutarha Omena-raparperi muovipullo,15.0,0.5,9.98,19.96,0.751503006012024
0,LAB Vinho Verde White,11.0,0.375,5.49,14.64,0.7513661202185792
0,Mezzacorona Pinot Grigio 2022,12.5,0.75,12.48,16.64,0.751201923076923
0,Kalpa Kilpisydän Syrah 2018,12.5,0.75,12.48,16.64,0.751201923076923
0,Les Infusions de Villa Noria 2022,12.5,0.75,12.48,16.64,0.751201923076923
0,Mosaico de Portugal Alvarinho 2020,12.5,0.75,12.48,16.64,0.751201923076923
0,Asio Otus Bianco,12.5,0.75,12.48,16.64,0.751201923076923
0,50° Riesling 2022 hanapakkaus,12.0,2.0,31.95,15.975,0.7511737089201878
0,Santa Julia Organic Chardonnay 2022,13.0,0.75,12.98,17.30666666666667,0.7511556240369799
0,Big Buzz Grenache Noir 2020,13.0,0.75,12.98,17.30666666666667,0.7511556240369799
0,Hamina Tattoo Valkoviini 2022,13.0,0.75,12.98,17.30666666666667,0.7511556240369799
0,Viva Valentina Sangiovese Organic 2022,13.0,0.75,12.98,17.30666666666667,0.7511556240369799
0,Gebr. Ludwig Weisser Burgunder Trocken 2021,13.0,0.75,12.98,17.30666666666667,0.7511556240369799
0,Lopez de Haro Rosado 2020,13.0,0.75,12.98,17.30666666666667,0.7511556240369799
0,Villa Valentina Il Classico Bianco Organic 2019,13.0,0.75,12.98,17.30666666666667,0.7511556240369799
0,Kingston Estate Chardonnay 2017,13.0,0.75,12.98,17.30666666666667,0.7511556240369799
0,Santa Julia Organic Malbec 2022,13.0,0.75,12.98,17.30666666666667,0.7511556240369799
0,La Torre ca' dl' Urs Acqui Brut Rosé 2019,13.0,0.75,12.98,17.30666666666667,0.7511556240369799
0,Monte Cascas Colheita Organic Branco 2019,13.0,0.75,12.98,17.30666666666667,0.7511556240369799
0,Leyda Reserva Sauvignon Blanc 2022,13.0,0.75,12.98,17.30666666666667,0.7511556240369799
0,La Petite Perriere Pinot Noir 2022,13.0,0.75,12.98,17.30666666666667,0.7511556240369799
0,Silk & Spice White Blend 2021,13.0,0.75,12.98,17.30666666666667,0.7511556240369799
0,Vanitá Pecorino 2022,13.0,0.75,12.98,17.30666666666667,0.7511556240369799
0,Doppio Passo Organic Primitivo 2021,13.0,0.75,12.98,17.30666666666667,0.7511556240369799
0,Viva Valentina Organic Pinot Grigio 2022,13.0,0.75,12.98,17.30666666666667,0.7511556240369799
0,Simonsig Cabernet Sauvignon Shiraz 2019,13.0,0.75,12.98,17.30666666666667,0.7511556240369799
0,Viña Albali Gran Reserva 2017,13.0,0.75,12.98,17.30666666666667,0.7511556240369799
0,Nederburg Edelrood 2020,13.0,0.75,12.98,17.30666666666667,0.7511556240369799
0,Pinocchio Vino Rosso d'Italia,13.0,0.75,12.98,17.30666666666667,0.7511556240369799
0,Cesari Jùsto 2020,13.5,0.75,13.48,17.973333333333333,0.751112759643917
0,Baron de Ley Rosado de Lágrima 2022,13.5,0.75,13.48,17.973333333333333,0.751112759643917
0,Most Wanted Zinfandel 2020,14.0,0.75,13.98,18.64,0.7510729613733905
0,LOL Salmiakki Shot,15.0,0.7,13.98,19.97142857142857,0.7510729613733905
0,LAB Signature 2019,15.0,0.75,14.98,19.973333333333333,0.7510013351134847
0,Mayu Gran Reserva Carmenere 2020 lahjapakkaus,15.0,0.75,14.98,19.973333333333333,0.7510013351134847
0,Kleine Zalze Cape Red 2021,15.0,0.75,14.98,19.973333333333333,0.7510013351134847
0,Petit Comité del Sió 2021,15.0,0.75,14.98,19.973333333333333,0.7510013351134847
0,The Old Brick Factory 2019,15.0,0.75,14.98,19.973333333333333,0.7510013351134847
0,Cinzano Vermouth Rosso,15.0,0.75,14.98,19.973333333333333,0.7510013351134847
0,Cinzano Vermouth Bianco,15.0,0.75,14.98,19.973333333333333,0.7510013351134847
0,Passorone Appassimento,15.0,0.75,14.98,19.973333333333333,0.7510013351134847
0,Jaloviina Myrsky,30.0,0.5,19.98,39.96,0.7507507507507507
0,Martini Vermouth Bianco,15.0,0.5,9.99,19.98,0.7507507507507507
0,Jaloviina Kaski,30.0,0.5,19.98,39.96,0.7507507507507507
0,Nietos,30.0,0.5,19.98,39.96,0.7507507507507507
0,Jaloviina Hanki,30.0,0.5,19.98,39.96,0.7507507507507507
0,Minttu Chocolate Bar Limited Edition,30.0,0.5,19.98,39.96,0.7507507507507507
0,Bottega Limoncino Bio,30.0,0.5,19.98,39.96,0.7507507507507507
0,Dr. Pauly Bergweiler Blitz Pink Riesling,11.0,0.75,10.99,14.653333333333334,0.7506824385805277
0,Gran Passione Organic Dry,11.0,0.75,10.99,14.653333333333334,0.7506824385805277
0,Barton & Guestier Extra Dry,11.0,0.75,10.99,14.653333333333334,0.7506824385805277
0,Schmitt Söhne Riesling  2021,11.0,0.75,10.99,14.653333333333334,0.7506824385805277
0,Rivarose Étoiles Doux,11.0,0.75,10.99,14.653333333333334,0.7506824385805277
0,Casalforte Organic Brut,11.0,0.75,10.99,14.653333333333334,0.7506824385805277
0,Hans Baer Riesling 2022,11.0,0.75,10.99,14.653333333333334,0.7506824385805277
0,Monistrol Selección Especial Cava Semi Seco,11.0,0.75,10.99,14.653333333333334,0.7506824385805277
0,Monistrol Selección Especial Rosé Cava Brut,11.0,0.75,10.99,14.653333333333334,0.7506824385805277
0,Ruppertsberger Hofstück Riesling 2022,11.0,0.75,10.99,14.653333333333334,0.7506824385805277
0,Bosseq White Frizzante tölkki,11.5,0.25,3.83,15.32,0.7506527415143603
0,Greenleaf Organic Riesling 2021,11.5,0.75,11.49,15.32,0.7506527415143603
0,Savia Viva Familia Organic Xarel-lo 2021,11.5,0.75,11.49,15.32,0.7506527415143603
0,Piqueras El Abuelo Extra Dry,11.5,0.75,11.49,15.32,0.7506527415143603
0,Freixenet Cordon Negro Organic Cava Brut,11.5,0.75,11.49,15.32,0.7506527415143603
0,Plaimont Colombelle Belle et Rebelle 2020,11.5,0.75,11.49,15.32,0.7506527415143603
0,Jaume Serra Oodi Vapaudelle Cava Semi Seco,11.5,0.75,11.49,15.32,0.7506527415143603
0,Azulejo Vinho Verde Rosé 2022,11.5,0.75,11.49,15.32,0.7506527415143603
0,Corvezzo Organic Spumante Extra Dry,11.5,0.75,11.49,15.32,0.7506527415143603
0,Ressò Cava Brut Nature,11.5,0.75,11.49,15.32,0.7506527415143603
0,Dignitat Cava Brut,11.5,0.75,11.49,15.32,0.7506527415143603
0,Fleurs de Prairie Sparkling Rosé Extra-Sec,11.5,0.75,11.49,15.32,0.7506527415143603
0,Dignitat Cava Semi Sec,11.5,0.75,11.49,15.32,0.7506527415143603
0,Mezzacorona Maso di Mezzo Riesling x Sylvaner 2022,12.0,0.75,11.99,15.986666666666666,0.7506255212677231
0,Gran Barón Rose Cava Brut,12.0,0.75,11.99,15.986666666666666,0.7506255212677231
0,360° Loire Chenin Blanc 2022,12.0,0.75,11.99,15.986666666666666,0.7506255212677231
0,Aina Panda Riesling Off-Dry 2022,12.0,0.75,11.99,15.986666666666666,0.7506255212677231
0,Couleurs Du Sud Les Petits Détours 2022,12.0,0.75,11.99,15.986666666666666,0.7506255212677231
0,Vinistella La Passione Organico Pinot Grigio 2022,12.0,0.75,11.99,15.986666666666666,0.7506255212677231
0,Ruppertsberger Gold Imperial Off-Dry Riesling 2020,12.0,0.75,11.99,15.986666666666666,0.7506255212677231
0,Castellblanc Rosado Cava Medium Dry,12.0,0.75,11.99,15.986666666666666,0.7506255212677231
0,U/B Botane Vinho Verde 2022,12.0,0.75,11.99,15.986666666666666,0.7506255212677231
0,360° Loire Sauvignon Blanc  2022,12.0,0.75,11.99,15.986666666666666,0.7506255212677231
0,Tsantali Halkidiki White 2019,12.0,0.75,11.99,15.986666666666666,0.7506255212677231
0,Casa Charlize Floreale Pinot Grigio Blush 2022,12.0,0.75,11.99,15.986666666666666,0.7506255212677231
0,Coral de Peñascal Rosé 2022,12.0,0.75,11.99,15.986666666666666,0.7506255212677231
0,Smiley Merlot,12.0,0.75,11.99,15.986666666666666,0.7506255212677231
0,Raimat Albariño Saira Organic 2021,12.0,0.75,11.99,15.986666666666666,0.7506255212677231
0,Weinmann Klassik Grüner Veltliner 2022,12.0,0.75,11.99,15.986666666666666,0.7506255212677231
0,Coral de Peñascal Ethical White 2022,12.5,0.75,12.49,16.653333333333332,0.7506004803843075
0,Arraez La Madriguera Blanco 2022,12.5,0.75,12.49,16.653333333333332,0.7506004803843075
0,Albert Bichot Beaujolais-Villages Nouveau 2022,13.0,0.75,12.99,17.32,0.7505773672055427
0,Most Wanted Shiraz 2021,13.0,0.75,12.99,17.32,0.7505773672055427
0,Reyneke Organic Chenin Blanc 2019,13.5,0.75,13.49,17.986666666666668,0.7505559673832468
0,Casali del Barone 150+1 Piemonte Barbera 2021,13.5,0.75,13.49,17.986666666666668,0.7505559673832468
0,Casa Charlize Passonata,13.5,0.75,13.49,17.986666666666668,0.7505559673832468
0,Black Wine 2022,13.5,0.75,13.49,17.986666666666668,0.7505559673832468
0,Dark Horse Chardonnay 2017,13.5,0.75,13.49,17.986666666666668,0.7505559673832468
0,The Flying Spaghetti Monster Rosso 2020,13.5,0.75,13.49,17.986666666666668,0.7505559673832468
0,No Bull Petite Sirah 2021,13.5,0.75,13.49,17.986666666666668,0.7505559673832468
0,Piqueras Gran Marius Verdejo Barrica 2019,13.5,0.75,13.49,17.986666666666668,0.7505559673832468
0,Cono Sur Reserva Especial Chardonnay 2021,13.5,0.75,13.49,17.986666666666668,0.7505559673832468
0,Dark Horse Merlot 2018,13.5,0.75,13.49,17.986666666666668,0.7505559673832468
0,Zensa Nero d'Avola Organico 2021,13.5,0.75,13.49,17.986666666666668,0.7505559673832468
0,Koskenkorva Ginger muovipullo,21.0,0.5,13.99,27.98,0.7505360972122945
0,Espiritu de Chile Appassimento Style 2019,14.0,0.75,13.99,18.653333333333332,0.7505360972122945
0,Veramonte Reserva Cabernet Sauvignon Syrah Petit Verdot Organic 2020,14.0,0.75,13.99,18.653333333333332,0.7505360972122945
0,Smashberry 2018,14.0,0.75,13.99,18.653333333333332,0.7505360972122945
0,Herdade de São Miguel Colheita Seleccionada Tinto 2021,14.0,0.75,13.99,18.653333333333332,0.7505360972122945
0,M. Chapoutier Costières de Nimes Areca 2022,14.0,0.75,13.99,18.653333333333332,0.7505360972122945
0,Aresti Trisquel Gran Reserva Syrah 2020,14.0,0.75,13.99,18.653333333333332,0.7505360972122945
0,Passi Reali Organico Appassimento 2022 lahjapakkaus,14.0,0.75,13.99,18.653333333333332,0.7505360972122945
0,Trapiche Pure Black Malbec 2021,14.0,0.75,13.99,18.653333333333332,0.7505360972122945
0,Gran Colossal Reserva 2019,14.0,0.75,13.99,18.653333333333332,0.7505360972122945
0,Don David Malbec Reserve 2022 lahjapakkaus,14.0,0.75,13.99,18.653333333333332,0.7505360972122945
0,Shaman's Terva,21.0,0.5,13.99,27.98,0.7505360972122945
0,Beronia Ecologico 2020,14.0,0.75,13.99,18.653333333333332,0.7505360972122945
0,Quinta das Setencostas Reserva 2019 lahjapakkaus,14.0,0.75,13.99,18.653333333333332,0.7505360972122945
0,Lol Fisu Shot,15.0,0.7,13.99,19.985714285714288,0.7505360972122944
0,Château Recougne 2019 lahjapakkaus,14.5,0.75,14.49,19.32,0.7505175983436853
0,Grant Burge Barossa Ink Shiraz 2021,14.5,0.75,14.49,19.32,0.7505175983436853
0,Finca Las Moras Black Label Malbec 2021,14.5,0.75,14.49,19.32,0.7505175983436853
0,Tsantali Moscato Limnos,15.0,0.75,14.99,19.986666666666668,0.7505003335557038
0,De Kuyper Crème de Menthe,24.0,0.5,15.99,31.98,0.7504690431519699
0,Bols Creme de Menthe,24.0,0.5,15.99,31.98,0.7504690431519699
0,Niepoort Ruby Port lahjapakkaus,19.5,0.75,19.49,25.986666666666665,0.7503848127244741
0,Niepoort Dry White Port,19.5,0.75,19.49,25.986666666666665,0.7503848127244741
0,Blossa Ekologisk Vinglögg hanapakkaus,10.0,1.5,19.99,13.326666666666666,0.750375187593797
0,Oneglass Cabernet Sauvignon kartonkitölkki,13.0,0.187,3.24,17.32620320855615,0.7503086419753086
0,Beefeater Blood Orange,37.5,0.7,34.99,49.985714285714295,0.7502143469562731
0,Beefeater Zesty Lemon,37.5,0.7,34.99,49.985714285714295,0.7502143469562731
0,Esporão Monte Velho Branco 2021,13.0,0.375,6.50,17.333333333333332,0.75
0,Leth Duett Riesling & Veltliner 2022,12.5,0.75,12.50,16.666666666666668,0.75
0,Señorío de Iniesta Tempranillo 15.0 2020,15.0,0.75,15.00,20.0,0.75
0,Crafty Hedgehog Merlot 2020,13.5,0.75,13.50,18.0,0.75
0,Ernst Utvalda FrånToscana,13.5,0.75,13.50,18.0,0.75
0,E.T.51 Premium Rum,40.0,0.7,37.35,53.35714285714286,0.749665327978581
0,Verdecillo Monastrel Organic 2022,14.5,0.75,14.51,19.346666666666668,0.7494831150930392
0,Rascallion Impress Rouge 2018,14.5,0.75,14.51,19.346666666666668,0.7494831150930392
0,Blanche De Montal Armagnac,40.0,0.7,37.36,53.371428571428574,0.7494646680942184
0,Château Grand Launay 2020,13.5,0.75,13.51,18.013333333333332,0.7494448556624723
0,Helen & Joey Estate Inara Chardonnay 2019,13.5,0.75,13.51,18.013333333333332,0.7494448556624723
0,Scandinavian Coconut Laku Shot muovipullo,21.0,0.5,14.02,28.04,0.7489300998573467
0,Scandinavian Banana Laku Shot muovipullo,21.0,0.5,14.02,28.04,0.7489300998573467
0,Henry Westons Vintage Cider 2019,8.2,0.5,5.48,10.96,0.7481751824817517
0,Loch Lomond Original Single Malt,40.0,0.7,37.50,53.57142857142858,0.7466666666666666
0,Obolon Premium Lager tölkki,5.0,0.5,3.35,6.7,0.7462686567164178
0,Tarapacá Reserva Carmenère 2022,13.5,0.375,6.79,18.106666666666666,0.7455817378497791
0,Crudo 2022 muovipullo,12.5,0.375,6.29,16.773333333333333,0.7452305246422893
0,Marqués de Cáceres Vino Ecológico  2021,13.5,0.75,13.59,18.12,0.7450331125827814
0,Bubble Attraction Rose Cava Extra Seco,11.5,0.75,11.58,15.44,0.7448186528497409
0,Manfredi Barbera 2018,12.5,0.75,12.60,16.8,0.7440476190476191
0,Tenute Rossetti Chianti 2021,12.5,0.75,12.62,16.826666666666664,0.7428684627575278
0,Olmeca Silver Tequila,35.0,0.7,32.99,47.12857142857143,0.742649287662928
0,D.O.M. Benedictine,40.0,0.5,26.98,53.96,0.7412898443291327
0,Lahden Erikois NEIPA tölkki,5.5,0.5,3.71,7.42,0.7412398921832885
0,Strega Liquore,40.0,0.5,26.99,53.98,0.7410151908114117
0,Krohn Ruby Port,20.0,0.375,10.14,27.040000000000003,0.7396449704142011
0,Errázuriz Estate Series Carmenere 2016,13.5,0.75,13.69,18.253333333333334,0.739590942293645
0,Münzberg Pinot Noir,13.0,0.75,13.19,17.586666666666666,0.7391963608794542
0,Zensa Nero di Troia Organico 2021 lahjapakkaus,13.0,0.75,13.19,17.586666666666666,0.7391963608794542
0,Valamon Kirkkoviini,15.0,0.75,15.22,20.293333333333333,0.7391590013140604
0,Feravino Dika Cabernet Franc 2016,13.5,0.75,13.70,18.266666666666666,0.739051094890511
0,Clavesana Dogliani 2017,13.5,0.75,13.70,18.266666666666666,0.739051094890511
0,Berneroy VSOP,40.0,0.7,37.90,54.142857142857146,0.7387862796833773
0,Löwenbräu Oktoberfestbier,6.1,0.5,4.13,8.26,0.7384987893462469
0,Mulata Palma Superior,38.0,1.0,51.46,51.46,0.7384376214535562
0,Fürst von Metternich Riesling Sekt Trocken,12.5,0.75,12.70,16.933333333333334,0.7381889763779528
0,Mallaskoski Yuletide Doppelbock tölkki,7.2,0.5,4.88,9.76,0.7377049180327869
0,Château Roc De Boissac Le Vieux Chantre 2021,13.5,0.75,13.73,18.30666666666667,0.7374362709395483
0,Negrita Rum Cream,17.0,0.7,16.14,23.05714285714286,0.7372986369268896
0,Highland Queen Single Malt,40.0,0.7,37.98,54.25714285714285,0.7372301211163771
0,Aerstone 10 Years Old Land Cask Single Malt,40.0,0.7,37.98,54.25714285714285,0.7372301211163771
0,Pramia Salmiakki Lakritsi muovipullo,21.0,0.35,9.98,28.514285714285716,0.7364729458917835
0,Prado Rey 2015,13.0,0.75,13.24,17.653333333333332,0.7364048338368581
0,Quanto Basta Pignoletto Frizzante,11.0,0.2,2.99,14.950000000000001,0.7357859531772575
0,Plan B Shiraz 2019,14.5,0.75,14.79,19.72,0.7352941176470589
0,Briego Vendimia Seleccionada 2021 lahjapakkaus,14.5,0.75,14.79,19.72,0.7352941176470589
0,Plan B Sauvignon Blanc 2022,13.5,0.75,13.78,18.37333333333333,0.7347605224963716
0,Viña Pomal Ecologico 2018,13.5,0.75,13.78,18.37333333333333,0.7347605224963716
0,Carlin de Paolo Cursus Vitae 2021,13.5,0.75,13.78,18.37333333333333,0.7347605224963716
0,Ogier Artesis Côtes du Rhône 2021,13.5,0.375,6.89,18.37333333333333,0.7347605224963716
0,Laplandia Bilberry,40.0,0.2,10.89,54.45,0.7346189164370982
0,Plantation Xaymaca Special Dry,43.0,0.7,40.99,58.557142857142864,0.734325445230544
0,Castillo de Molina Gran Reserva Appassimento Style 2021,13.0,0.75,13.28,17.706666666666667,0.7341867469879518
0,Asio Otus,13.0,0.75,13.28,17.706666666666667,0.7341867469879518
0,Punaisen Tuvan Koskenvarsi,12.5,0.75,12.78,17.04,0.7335680751173709
0,Punaisen Tuvan Valkkari puolikuiva,12.5,0.75,12.78,17.04,0.7335680751173709
0,Teeling Small Batch,46.0,0.7,43.90,62.714285714285715,0.7334851936218678
0,San Miguel Selecta,6.2,0.33,2.79,8.454545454545455,0.7333333333333333
0,Lazzaroni Maraschino,25.0,0.5,17.05,34.1,0.7331378299120235
0,Arthur Metz Le Riesling 2020,12.5,0.75,12.79,17.05333333333333,0.7329945269741986
0,Erdinger Pikantus,7.3,0.5,4.98,9.96,0.7329317269076304
0,Henry Westons Cloudy Vintage Cider,7.3,0.5,4.98,9.96,0.7329317269076304
0,Henry Westons British Vintage 2021,7.3,0.5,4.98,9.96,0.7329317269076304
0,Martinez Marsala Superiore Riserva Dolce,18.0,0.375,9.21,24.560000000000002,0.7328990228013028
0,Saturnus Glögg,8.0,0.75,8.19,10.92,0.7326007326007326
0,Perlage Pinot Grigio delle Venezie 2021,12.0,0.75,12.29,16.386666666666667,0.7323026851098454
0,2u Duas Uvas Vinho Verde 2020,11.5,0.375,5.89,15.706666666666665,0.7321731748726656
0,No 3 London Dry Gin,46.0,0.7,43.99,62.84285714285715,0.7319845419413502
0,Old Invalid Ruby Port,19.5,0.75,19.99,26.653333333333332,0.731615807903952
0,Retsina Lafazanis,11.5,0.75,11.79,15.719999999999999,0.7315521628498728
0,Freixenet Cordon Negro Magnum Cava Brut,11.5,1.5,23.58,15.719999999999999,0.7315521628498728
0,Becherovka,38.0,0.5,25.99,51.98,0.7310504040015391
0,Jacob's Creek Riesling 2022,10.5,0.75,10.78,14.373333333333333,0.7305194805194806
0,Mayu Gran Reserva Malbec 2019,14.5,0.75,14.89,19.853333333333335,0.7303559435862994
0,In Cantos Vermentino di Sardegna 2019,12.5,0.75,12.84,17.12,0.7301401869158878
0,Rouge de Carsin 2019,14.5,0.75,14.90,19.866666666666667,0.7298657718120806
0,L'Olivier de Montrabech Rouge 2022,14.0,0.75,14.39,19.186666666666667,0.729673384294649
0,San Miguel Fresca,4.4,0.33,1.99,6.03030303030303,0.7296482412060302
0,Patrizi Dogliani 2018,12.5,0.75,12.85,17.133333333333333,0.7295719844357977
0,Santa Clara Blanc de Blancs 2022,14.0,0.75,14.40,19.2,0.7291666666666667
0,Apothic Red 2020 kartonkitölkki,13.5,0.75,13.89,18.52,0.7289416846652268
0,Königsmosel Riesling 2021 hanapakkaus,8.5,3.0,34.99,11.663333333333334,0.7287796513289511
0,Asbach Original 3 Year Old,38.0,0.7,36.50,52.142857142857146,0.7287671232876712
0,J&B muovipullo,40.0,0.2,10.98,54.9,0.7285974499089254
0,Vega Vella Rosado 2020,13.5,0.75,13.90,18.533333333333335,0.7284172661870503
0,Murviedro Coleccion Sauvignon Blanc 2019,12.0,0.1875,3.09,16.48,0.7281553398058253
0,Weihenstephaner Vitus Weizenbock,7.7,0.5,5.29,10.58,0.727788279773157
0,Corte Fiore Appassimento 2020,14.5,0.75,14.95,19.933333333333334,0.7274247491638796
0,Hienoa Cognac VS muovipullo,40.0,0.5,27.50,55.0,0.7272727272727273
0,The Kraken Black Spiced,40.0,0.7,38.50,55.0,0.7272727272727273
0,Alma De Blanco Godello 2021,13.0,0.75,13.41,17.88,0.727069351230425
0,Hohenthanner Winterfestbier,5.8,0.5,3.99,7.98,0.7268170426065163
0,Cono Sur Reserva Especial Sauvignon Blanc 2021,12.5,0.75,12.90,17.2,0.7267441860465117
0,Zenato Soave Classico 2022,12.5,0.75,12.90,17.2,0.7267441860465117
0,Suomen Merimieskirkko Kirkkoviiniä Kyrkvin Malaga,15.0,0.75,15.48,20.64,0.7267441860465116
0,Septima Tierra Los Chacayes Malbec 2020,15.0,0.75,15.48,20.64,0.7267441860465116
0,I.L.O. Susumaniello Rosso 2021,15.0,0.75,15.48,20.64,0.7267441860465116
0,Loimu Väkevä Valkoviiniglögi,15.0,0.75,15.48,20.64,0.7267441860465116
0,Loimu 2023,15.0,0.75,15.48,20.64,0.7267441860465116
0,Black Irish,40.0,0.7,38.54,55.05714285714286,0.7265179034769071
0,Hayman's Exotic Citrus Gin,41.1,0.7,39.60,56.57142857142858,0.7265151515151514
0,Normindia Distilled Gin,41.4,0.7,39.89,56.98571428571429,0.7264978691401354
0,Licor 43 Baristo,31.0,0.7,29.89,42.7,0.7259953161592505
0,Ironstone Old Vine Zinfandel 2020,14.5,0.75,14.98,19.973333333333333,0.7259679572763685
0,Castello Monaci Coribante 2019,14.5,0.75,14.98,19.973333333333333,0.7259679572763685
0,El Abuelo Seleccion Edición limitada 2017,14.5,0.75,14.98,19.973333333333333,0.7259679572763685
0,Luzón Colección Monastrell 2021,14.5,0.75,14.98,19.973333333333333,0.7259679572763685
0,Gran Appasso Susumaniello 2021,14.5,0.75,14.98,19.973333333333333,0.7259679572763685
0,Wakefield Shiraz 2019,14.5,0.75,14.98,19.973333333333333,0.7259679572763685
0,Gnarly Head Old Vine Zin 2020,14.5,0.75,14.98,19.973333333333333,0.7259679572763685
0,Aroa Larrosa 2019,14.5,0.75,14.98,19.973333333333333,0.7259679572763685
0,Rabo de Galo Reserva 2021,14.5,0.75,14.98,19.973333333333333,0.7259679572763685
0,Sangre de Toro Reserva Organic 2019,14.5,0.75,14.98,19.973333333333333,0.7259679572763685
0,Esporão Colheita 2019,14.5,0.75,14.98,19.973333333333333,0.7259679572763685
0,Terre del Barolo Barbera d'Alba Biologico 2018,14.5,0.75,14.98,19.973333333333333,0.7259679572763685
0,D'Arenberg The Innocent Weed 2021,14.5,0.75,14.98,19.973333333333333,0.7259679572763685
0,Torres Gran Coronas Cabernet Sauvignon Reserva 2016,14.5,0.75,14.98,19.973333333333333,0.7259679572763685
0,Armigero Barbera d'Asti Superiore 2021 lahjapakkaus,14.5,0.75,14.98,19.973333333333333,0.7259679572763685
0,Casa Marrone Gran Marrone Appassimento Organic 2022,14.5,0.75,14.98,19.973333333333333,0.7259679572763685
0,Ironstone Chardonnay 2021,14.5,0.75,14.98,19.973333333333333,0.7259679572763685
0,Maxale Appassimento Primitivo 2021,14.5,0.75,14.98,19.973333333333333,0.7259679572763685
0,Barahonda Barrica Monastrell Syrah 2020,14.5,0.75,14.98,19.973333333333333,0.7259679572763685
0,El Chico Malo 2017,14.5,0.75,14.98,19.973333333333333,0.7259679572763685
0,Piqueras Gran Marius Reserva Superior 2017,14.5,0.75,14.98,19.973333333333333,0.7259679572763685
0,Paulaner Hefe-Weissbier tölkki,5.5,0.5,3.79,7.58,0.7255936675461742
0,Las Moradas de San Martín Senda Garnacha 2018 lahjapakkaus,14.5,0.75,14.99,19.986666666666668,0.7254836557705137
0,Vine Roots Garnacha 2020,14.5,0.75,14.99,19.986666666666668,0.7254836557705137
0,Henry Westons Aged Vintage,6.5,0.5,4.48,8.96,0.7254464285714285
0,Leva Chardonnay Dimiat Muscat tölkki,13.0,0.25,4.48,17.92,0.7254464285714285
0,Lindeman's Cawarra Shiraz Cabernet 2021,13.5,0.187,3.48,18.609625668449198,0.7254310344827586
0,Freixenet Blanc de Blancs Cava Extra Dry,11.5,0.75,11.89,15.853333333333333,0.7253994953742641
0,Lindeman's Organics Sauvignon Blanc 2021,11.5,0.75,11.89,15.853333333333333,0.7253994953742641
0,Lindeman's Bin 65 Chardonnay,13.5,0.375,6.98,18.613333333333333,0.7252865329512894
0,Bowsaw Small Batch Straight Corn American Whiskey,43.0,0.7,41.51,59.300000000000004,0.7251264755480606
0,Mielensäpahoittajan Parempi Valkoinen 2021,11.5,0.75,11.90,15.866666666666667,0.7247899159663865
0,VignaPura Organic Primitivo 2019,13.5,0.75,13.97,18.62666666666667,0.7247673586256262
0,SJK OmaSp Stadion,14.0,0.75,14.49,19.32,0.7246376811594203
0,Pizzanpaistajat 2021,14.0,0.75,14.49,19.32,0.7246376811594203
0,Nugan Dreamer's Cabernet Sauvignon 2022,14.0,0.75,14.49,19.32,0.7246376811594203
0,Bestheim Pinot Gris Premium Réserve 2020,14.0,0.75,14.49,19.32,0.7246376811594203
0,Baglio Onuri Nerello Mascalese 2019,14.0,0.75,14.49,19.32,0.7246376811594203
0,Zucca Rabarbaro,30.0,0.7,28.98,41.400000000000006,0.7246376811594202
0,Apulanta Tinto 2019,13.5,0.75,13.98,18.64,0.7242489270386265
0,Artuke Tinto 2022,13.5,0.75,13.98,18.64,0.7242489270386265
0,Chateau Rossignol 2016,13.5,0.75,13.98,18.64,0.7242489270386265
0,Most Wanted Regions Primitivo 2022,13.5,0.75,13.98,18.64,0.7242489270386265
0,Zuccardi Serie A Chardonnay Viognier 2015,13.5,0.75,13.99,18.653333333333332,0.7237312365975698
0,Casa Silva Sauvignon Blanc Sauvignon Gris Organic 2020,13.5,0.75,13.99,18.653333333333332,0.7237312365975698
0,Punto Final Syrah Merlot 2021,13.5,0.75,13.99,18.653333333333332,0.7237312365975698
0,Zenato Rosso Veneto 2019,13.5,0.75,13.99,18.653333333333332,0.7237312365975698
0,Espiritu de Chile Premium Collection Assemblage 2019,13.5,0.75,13.99,18.653333333333332,0.7237312365975698
0,Gemma di Luna Red Gem,13.5,0.75,13.99,18.653333333333332,0.7237312365975698
0,19 Crimes Red wine 2021,13.5,0.75,13.99,18.653333333333332,0.7237312365975698
0,Carrascal Syrah 2019,13.5,0.75,13.99,18.653333333333332,0.7237312365975698
0,Villa Poggio Salvi Tosco 2020,13.5,0.75,13.99,18.653333333333332,0.7237312365975698
0,Orimos Grande Reserve 2020,13.5,0.75,13.99,18.653333333333332,0.7237312365975698
0,Diablo Golden Chardonnay 2021,13.5,0.75,13.99,18.653333333333332,0.7237312365975698
0,Fiesta de Azul y Garanza 2021,13.5,0.75,13.99,18.653333333333332,0.7237312365975698
0,Pinha Ribeiro Santo Reserva 2020,13.5,0.75,13.99,18.653333333333332,0.7237312365975698
0,Spinyback Pinot Noir 2019,13.5,0.75,13.99,18.653333333333332,0.7237312365975698
0,Diablo Dark Red 2021,13.5,0.75,13.99,18.653333333333332,0.7237312365975698
0,Crocodile Dandy Rosé 2021,13.5,0.75,13.99,18.653333333333332,0.7237312365975698
0,Enguera Aliats Tinto 2022,13.5,0.75,13.99,18.653333333333332,0.7237312365975698
0,Cuatro Pasos,13.5,0.75,13.99,18.653333333333332,0.7237312365975698
0,Grass Roots Organic Hunter Valley Shiraz 2022,13.5,0.75,13.99,18.653333333333332,0.7237312365975698
0,Saimaa Snapsi,30.0,0.35,14.51,41.45714285714286,0.7236388697450034
0,12 Knights Red 2021,13.0,0.75,13.48,17.973333333333333,0.7232937685459941
0,Faustino VII Tinto 2021,13.5,0.1875,3.50,18.666666666666668,0.7232142857142857
0,Sartori Marani Appassimento 2021,13.5,0.75,14.00,18.666666666666668,0.7232142857142857
0,Tanqueray Rangpur Gin,41.3,0.7,39.98,57.114285714285714,0.7231115557778889
0,Tanqueray Flor De Sevilla Distilled Gin,41.3,0.7,39.98,57.114285714285714,0.7231115557778889
0,Tanqueray Blackcurrant Royale,41.3,0.7,39.98,57.114285714285714,0.7231115557778889
0,Autenrieder Weizenbock,7.2,0.5,4.98,9.96,0.7228915662650602
0,Pipoli Rosato Basilicata 2022,13.0,0.75,13.49,17.986666666666668,0.7227575982209044
0,Vicarage Lane Marlborough Sauvignon Blanc 2022,13.0,0.75,13.49,17.986666666666668,0.7227575982209044
0,Ca' Bolani Pinot Grigio 2022,13.0,0.75,13.49,17.986666666666668,0.7227575982209044
0,Waka Sauvignon Blanc 2021,13.0,0.75,13.49,17.986666666666668,0.7227575982209044
0,Vanità Nero d'Avola Organico 2021,13.0,0.75,13.49,17.986666666666668,0.7227575982209044
0,Pipoli Bianco Basilicata 2022,13.0,0.75,13.49,17.986666666666668,0.7227575982209044
0,Sans Air Libre 2018,13.0,0.75,13.49,17.986666666666668,0.7227575982209044
0,Dark Horse Sauvignon Blanc 2019,13.0,0.75,13.49,17.986666666666668,0.7227575982209044
0,Cantina Cellaro Solea Biologico Nero d'Avola 2021,13.0,0.75,13.49,17.986666666666668,0.7227575982209044
0,Douce Nature Organic Merlot 2020,13.0,0.75,13.49,17.986666666666668,0.7227575982209044
0,Schneider's Bayrisch Hell,4.9,0.5,3.39,6.78,0.7227138643067846
0,Abbaye d'Aulne Christmas Beer,9.0,0.33,4.11,12.454545454545455,0.7226277372262774
0,Codorníu BeFrizz Bubbly Rosé tölkki,11.5,0.25,3.98,15.92,0.7223618090452262
0,Doppio Passo Organic Grillo 2022,12.5,0.75,12.98,17.30666666666667,0.7222650231124806
0,Frey Single Vineyard Organic Riesling 2021,12.5,0.75,12.98,17.30666666666667,0.7222650231124806
0,Ruppertsberger Organic Vegan Riesling 2021,12.5,0.75,12.98,17.30666666666667,0.7222650231124806
0,La Petite Perriere Sauvignon 2022,12.5,0.75,12.98,17.30666666666667,0.7222650231124806
0,Pizzolato No Added Sulphites Organic Cabernet 2022,12.5,0.75,12.98,17.30666666666667,0.7222650231124806
0,Château Bonnet Blanc 2019,12.5,0.75,12.98,17.30666666666667,0.7222650231124806
0,Villa Puccini Toscana 2019,12.5,0.75,12.98,17.30666666666667,0.7222650231124806
0,Umani Ronchi Vellodoro Pecorino 2022,12.5,0.75,12.98,17.30666666666667,0.7222650231124806
0,Brumont La Gascogne Gros Manseng Sauvignon 2020,12.5,0.75,12.98,17.30666666666667,0.7222650231124806
0,Pizzolato Piwi Kon-Tiki Rosso 2022,12.5,0.75,12.98,17.30666666666667,0.7222650231124806
0,Piccini Toscana Organic Vermentino 2020,12.5,0.75,12.98,17.30666666666667,0.7222650231124806
0,Reh Kendermann Tausendhugel Riesling 2022,12.5,0.75,12.98,17.30666666666667,0.7222650231124806
0,Moshi Moshi Organic White 2022,12.5,0.75,12.98,17.30666666666667,0.7222650231124806
0,Riesberg DRTY Riesling 2022,12.5,0.75,12.98,17.30666666666667,0.7222650231124806
0,Anselmann Gewürztraminer Trocken 2022,12.5,0.75,12.98,17.30666666666667,0.7222650231124806
0,La Petite Perriere Rose Pinot Noir 2020,12.5,0.75,12.98,17.30666666666667,0.7222650231124806
0,Cono Sur Organic Sauvignon Blanc 2022,12.5,0.75,12.98,17.30666666666667,0.7222650231124806
0,LAT 42 Albariño 2020,12.5,0.75,12.98,17.30666666666667,0.7222650231124806
0,Symington Altano Vinho Branco 2020,12.5,0.75,12.98,17.30666666666667,0.7222650231124806
0,Bonpas Côtes-du-Rhône Rosé 2022,12.5,0.75,12.98,17.30666666666667,0.7222650231124806
0,Julius Rosé Cuvée Organic 2021,12.5,0.75,12.98,17.30666666666667,0.7222650231124806
0,La Martinìere St Nicolas de Bourgueil 2019,12.5,0.75,12.98,17.30666666666667,0.7222650231124806
0,Beronia Viura 2020,12.5,0.75,12.98,17.30666666666667,0.7222650231124806
0,Quinta de Chocapalha Arinto 2016,12.5,0.75,12.98,17.30666666666667,0.7222650231124806
0,Soupcon de Fruit Rosé de Loire 2022,12.5,0.75,12.98,17.30666666666667,0.7222650231124806
0,Aveleda Alvarinho 2022,12.5,0.75,12.98,17.30666666666667,0.7222650231124806
0,Winzergenossenschaft Herxheim am Berg Silvaner Trocken 2022,12.5,0.75,12.98,17.30666666666667,0.7222650231124806
0,Pfaff Pinot Blanc 2020,12.5,0.75,12.98,17.30666666666667,0.7222650231124806
0,Torres Viña Esmeralda Rosé 2021,12.5,0.75,12.98,17.30666666666667,0.7222650231124806
0,Setencostas Premium Alvarinho 2022,12.5,0.75,12.98,17.30666666666667,0.7222650231124806
0,Ruffino Orvieto Classico 2021,12.5,0.75,12.98,17.30666666666667,0.7222650231124806
0,Leyda Reserva Pinot Noir 2022,12.5,0.75,12.98,17.30666666666667,0.7222650231124806
0,Classic Cocktails Mojito hanapakkaus,12.5,1.5,25.97,17.313333333333333,0.7219869079707355
0,Xanadu Exmoor Sauvignon Blanc Semillon 2020,12.5,0.75,12.99,17.32,0.7217090069284064
0,Matua Marlborough Sauvignon Blanc 2022 hanapakkaus,12.5,1.5,25.98,17.32,0.7217090069284064
0,JSC Tsinandali 2019,13.0,0.75,13.51,18.013333333333332,0.7216876387860844
0,Fiorito Limoncello Superiore,31.0,0.5,21.48,42.96,0.7216014897579143
0,The Busker Single Malt,44.3,0.7,42.98,61.4,0.7214983713355049
0,The Busker Single Grain,44.3,0.7,42.98,61.4,0.7214983713355049
0,The Busker Single Pot Still,44.3,0.7,42.98,61.4,0.7214983713355049
0,Le Grand Noir Cabernet Syrah 2021 muovipullo,13.5,0.187,3.50,18.71657754010695,0.7212857142857143
0,Marqués de Cáceres Rioja Blanco 2022,12.5,0.375,6.50,17.333333333333332,0.7211538461538463
0,Frison Riesling Sauvignon Blanc 2023,12.0,0.75,12.48,16.64,0.7211538461538461
0,Baglietti No1 Organic Rosé,12.0,0.75,12.48,16.64,0.7211538461538461
0,Fragranza d'Oro Rosé 2021,12.0,0.75,12.48,16.64,0.7211538461538461
0,Calvet Célébration Rosé Brut,12.0,0.75,12.48,16.64,0.7211538461538461
0,Jacob's Creek Le Petit Rosé 2021,12.0,0.75,12.48,16.64,0.7211538461538461
0,Wynns Coonawarra Estate Shiraz 2019,14.4,0.75,14.98,19.973333333333333,0.7209612817089452
0,Olmeca Reposado Tequila,35.0,0.7,33.99,48.557142857142864,0.720800235363342
0,Signore Giuseppe Valpolicella 2020,12.0,0.75,12.49,16.653333333333332,0.7205764611689351
0,JP. Chenet Medium Sweet 2021,11.5,0.25,3.99,15.96,0.7205513784461153
0,Domäne Wachau Gruner Veltliner Selection 2022 hanapakkaus,12.0,1.5,24.99,16.66,0.7202881152460985
0,Cantina di Custoza Bardolino Chiaretto 2022,12.0,0.75,12.50,16.666666666666668,0.72
0,Kopparberg Premium Gin Strawberry & Lime,37.5,0.7,36.49,52.12857142857143,0.7193751712798027
0,Kopparberg Strawberry & Lime Vodka,37.5,0.7,36.49,52.12857142857143,0.7193751712798027
0,Kopparberg Lemon Vodka,37.5,0.7,36.49,52.12857142857143,0.7193751712798027
0,Kopparberg Premium Gin Passionfruit & Orange,37.5,0.7,36.49,52.12857142857143,0.7193751712798027
0,Kopparberg Mixed Fruit Gin,37.5,0.7,36.49,52.12857142857143,0.7193751712798027
0,Mateus Sparkling Rosé Demi Sec,11.5,0.75,11.99,15.986666666666666,0.719349457881568
0,Josef & Philipp Bründlmayer Zweigelt Rosé 2022,11.5,0.75,11.99,15.986666666666666,0.719349457881568
0,Viña Esmeralda 2022,11.5,0.75,11.99,15.986666666666666,0.719349457881568
0,Codorniu Ecológica Cava Semi Seco,11.5,0.75,11.99,15.986666666666666,0.719349457881568
0,S de la Sablette Sauvignon Blanc 2021,11.5,0.75,11.99,15.986666666666666,0.719349457881568
0,Castellblanc Cava Seco,11.5,0.75,11.99,15.986666666666666,0.719349457881568
0,Fine Riesling 2022,11.5,0.75,11.99,15.986666666666666,0.719349457881568
0,Crazy Cat Cava Semi Seco,11.5,0.75,11.99,15.986666666666666,0.719349457881568
0,Federico Paternina Banda Azul Vintage Cava Brut 2018,11.5,0.75,11.99,15.986666666666666,0.719349457881568
0,Maschio Rosé Extra Dry,11.5,0.75,11.99,15.986666666666666,0.719349457881568
0,Revenge of The Little Squid Riesling 2021,11.5,0.75,11.99,15.986666666666666,0.719349457881568
0,Chill Out Organic Riesling 2022,11.5,0.75,11.99,15.986666666666666,0.719349457881568
0,Oscar Haussmann OH1 Riesling Reserve 2021,11.5,0.75,11.99,15.986666666666666,0.719349457881568
0,Blossom Cava Brut,11.5,0.75,11.99,15.986666666666666,0.719349457881568
0,Katse Brut,11.5,0.75,11.99,15.986666666666666,0.719349457881568
0,Campo Viejo Reserva Cava Brut,11.5,0.75,11.99,15.986666666666666,0.719349457881568
0,Yalumba Y Series Riesling 2021,11.5,0.75,11.99,15.986666666666666,0.719349457881568
0,El Miracle Cava Seco,11.5,0.75,11.99,15.986666666666666,0.719349457881568
0,Finca Monteflores Cabernet Franc 2022,14.0,0.75,14.60,19.466666666666665,0.7191780821917809
0,Unicum Barista,34.5,0.5,23.99,47.98,0.7190496040016674
0,Petit Enira 2018,14.5,0.75,15.13,20.173333333333336,0.7187706543291473
0,Tyryn Tietäjä,20.0,0.5,13.92,27.84,0.7183908045977011
0,Tamnavulin German Pinot Noir Cask Finish Single Malt,40.0,0.7,38.98,55.68571428571428,0.7183170856849667
0,Cointreau,40.0,0.7,38.98,55.68571428571428,0.7183170856849667
0,Kendermanns Organic 2022,11.0,0.75,11.49,15.32,0.7180156657963447
0,Aveleda Fonte Vinho Verde Rosé 2022,11.0,0.75,11.49,15.32,0.7180156657963447
0,Klosterbrauerei Furth Kloster Dunkel,5.7,0.5,3.97,7.94,0.7178841309823677
0,Memoria Primitivo di Manduria 2019,14.0,0.75,14.63,19.506666666666668,0.7177033492822966
0,Beck's,5.0,0.33,2.30,6.969696969696969,0.7173913043478262
0,Tom of Finland Organic Vodka,40.0,0.5,27.88,55.76,0.7173601147776184
0,Galliano L'Autentico,42.3,0.5,29.50,59.0,0.7169491525423728
0,Drumshanbo Gunpowder Irish Gin,43.0,0.5,29.99,59.98,0.7169056352117373
0,Blitz Riesling 2022,10.5,0.75,10.99,14.653333333333334,0.7165605095541401
0,Rosemount GTR 2022,10.5,0.75,10.99,14.653333333333334,0.7165605095541401
0,Olvi IPA Iisalmi Pale Ale tölkki,5.0,0.5,3.49,6.98,0.7163323782234956
0,Nik Weis Mosel Urban Riesling 2022 hanapakkaus,10.5,3.0,43.99,14.663333333333334,0.7160718345078426
0,Pernod Absinthe,68.0,0.7,66.48,94.97142857142859,0.7160048134777375
0,Obsession Red 2017,14.5,0.75,15.19,20.253333333333334,0.7159315339038841
0,Heinrich Red Magnum 2015,12.5,1.5,26.19,17.46,0.715922107674685
0,Schieferstück Riesling Halbtrocken 2022,11.5,0.75,12.05,16.066666666666666,0.7157676348547718
0,Helmi Salmiakkikermalikööri muovipullo,15.0,0.5,10.49,20.98,0.7149666348903718
0,Meukow VS muovipullo,40.0,0.5,27.98,55.96,0.7147962830593281
0,Hardy VSOP muovipullo,40.0,0.5,27.98,55.96,0.7147962830593281
0,Little Sheep Organic Sauvignon Blanc 2022 hanapakkaus,12.5,2.0,34.98,17.49,0.714694110920526
0,Limoncello di Sorrento,30.0,0.5,20.99,41.98,0.714626012386851
0,Koto Salt & Pepper Vodka,40.0,0.5,27.99,55.98,0.7145409074669525
0,Mallaskoski Craft Pils tölkki,5.0,0.5,3.50,7.0,0.7142857142857143
0,Dry Sack Medium Dry Sherry,15.0,0.75,15.75,21.0,0.7142857142857143
0,Teisnacher Pils,4.5,0.5,3.15,6.3,0.7142857142857143
0,Bols Ginger,24.0,0.5,16.80,33.6,0.7142857142857143
0,Laroche Le Petit Chardonnay 2021,9.5,0.75,9.98,13.306666666666667,0.7139278557114228
0,Blackwater Pot Still Vodka,41.0,0.7,40.24,57.485714285714295,0.7132206759443339
0,Kärppäviini,12.0,0.75,12.62,16.826666666666664,0.7131537242472267
0,Thatchers Vintage Oak Aged Somerset Cider 2021,7.4,0.5,5.19,10.38,0.7129094412331406
0,Zuccardi Malamado Malbec,19.0,0.75,19.99,26.653333333333332,0.7128564282141071
0,Veuve du Vernay Extra Dry,11.0,0.75,11.58,15.44,0.7124352331606217
0,Weihenstephaner Kristall Weissbier,5.4,0.5,3.79,7.58,0.712401055408971
0,Aura Tumma tölkki,5.2,0.5,3.65,7.3,0.7123287671232877
0,Spaten München,5.2,0.5,3.65,7.3,0.7123287671232877
0,Vox Populi Bobal 2014,13.0,0.75,13.69,18.253333333333334,0.7121986851716581
0,Helbing Aquavit,42.0,0.5,29.49,58.98,0.7121057985757885
0,Lapin Kulta Pure Luomu tölkki,4.5,0.5,3.16,6.32,0.7120253164556962
0,T Smoke Barrel Aged Vodka,40.0,0.5,28.11,56.22,0.7114905727499111
0,T Barrel Aged,40.0,0.5,28.11,56.22,0.7114905727499111
0,Freixenet Ice Rosé Cuvée Especial Cava Semi Seco,12.0,0.75,12.65,16.866666666666667,0.7114624505928854
0,Andechs Doppelbock Dunkel,7.1,0.5,4.99,9.98,0.7114228456913827
0,Coulée d'Or,11.0,0.75,11.60,15.466666666666667,0.7112068965517241
0,Mufloni DIPA tölkki,8.0,0.44,4.95,11.25,0.7111111111111111
0,Hõbe Organic Vodka,39.2,0.7,38.65,55.214285714285715,0.7099611901681759
0,Buffalo Barrel Bourbon Barrel Aged Zinfandel 2021,14.0,0.75,14.79,19.72,0.7099391480730224
0,MOM Gin,39.5,0.7,38.99,55.7,0.7091561938958707
0,Torres Sangre de Toro 2021,13.5,0.1875,3.57,19.04,0.7090336134453782
0,Xanté Sparkling,10.0,0.75,10.59,14.12,0.708215297450425
0,Keurusseudun Marja,12.0,0.75,12.71,16.94666666666667,0.7081038552321006
0,Señorío de Sarría Viñedo Nº5 Garnacha Viñas Viejas 2020,14.0,0.75,14.84,19.786666666666665,0.7075471698113208
0,Lynx Barrel Fermented Chardonnay 2022,13.0,0.75,13.78,18.37333333333333,0.7075471698113208
0,Dubicz Muscat Ottonel 2022,12.0,0.375,6.36,16.96,0.7075471698113207
0,Spaten Oktoberfestbier,5.9,0.5,4.17,8.34,0.7074340527577938
0,Malmio Cocoa Liqueur muovipullo,20.0,0.35,9.90,28.28571428571429,0.707070707070707
0,Goccia Celi 2020 paperipullo,13.5,0.75,14.32,19.093333333333334,0.7070530726256983
0,Braun Ein Liter Riesling Trocken 2022,12.0,1.0,16.99,16.99,0.7062978222483814
0,Staropramen tölkki,5.0,0.5,3.54,7.08,0.7062146892655368
0,Alcesti Heila Bianco 2022,12.0,0.75,12.75,17.0,0.7058823529411765
0,1811 Pastis,45.0,0.5,31.90,63.8,0.7053291536050157
0,Toro de Piedra Gran Reserva Carignan 2020,14.0,0.75,14.89,19.853333333333335,0.705171255876427
0,Björklund Tinto Reserva 2020,14.0,0.75,14.89,19.853333333333335,0.705171255876427
0,The Dead Rabbit,44.0,0.7,43.69,62.41428571428572,0.7049668116273746
0,Punaisen Tuvan Valkkari puolimakea,12.0,0.75,12.78,17.04,0.7042253521126761
0,Bodem Las Margas Garnacha 2019,15.0,0.75,15.98,21.30666666666667,0.7040050062578223
0,Tío Pepe Fino Sherry,15.0,0.75,15.98,21.30666666666667,0.7040050062578223
0,Bonterra Organic Zinfandel 2021,15.0,0.75,15.98,21.30666666666667,0.7040050062578223
0,Blossa 23,15.0,0.75,15.98,21.30666666666667,0.7040050062578223
0,Scandinavian Jussi 69 Chili Shot,21.0,0.7,20.89,29.842857142857145,0.7036859741503111
0,Septima Sauvignon Blanc 2022,12.0,0.75,12.79,17.05333333333333,0.7036747458952307
0,Dr. Pauly-Bergweiler Riesling Extra Trocken,12.0,0.75,12.79,17.05333333333333,0.7036747458952307
0,A. Le Coq Imperial Extra Double Stout,7.0,0.4,3.98,9.95,0.7035175879396985
0,Hohenthanner Festbier Märzen,5.6,0.5,3.98,7.96,0.7035175879396984
0,Weltenburger Kloster Spezial Festbier,5.6,0.5,3.98,7.96,0.7035175879396984
0,Kulmbacher Festbier,5.6,0.5,3.98,7.96,0.7035175879396984
0,Erdinger Schneeweisse,5.6,0.5,3.98,7.96,0.7035175879396984
0,Meoli Krè Aglianico 2021,13.0,0.75,13.86,18.48,0.7034632034632035
0,Barefoot Merlot,13.5,0.187,3.59,19.197860962566843,0.7032033426183845
0,Vecchioflorio Marsala Superiore 2019,18.0,0.75,19.20,25.599999999999998,0.7031250000000001
0,Mufloni CCCCC IPA,7.0,0.5,4.98,9.96,0.7028112449799196
0,Teerenpeli Woodka Barrel Aged Vodka,40.0,0.7,39.84,56.914285714285725,0.7028112449799195
0,Kiwi Cuvée Bin 69 Pinot Noir 2020,12.5,0.75,13.34,17.786666666666665,0.7027736131934034
0,Agricole Selvi Corte Al Bigio Toscana Bianco,12.0,0.75,12.81,17.080000000000002,0.7025761124121779
0,Mayu Reserva Pinot Noir 2018,14.5,0.75,15.48,20.64,0.7025193798449613
0,Berliner Kindl Jubiläums Pilsner,5.1,0.5,3.63,7.26,0.7024793388429752
0,Rocca Di Montemassi Calasole Vermentino 2020,13.0,0.75,13.88,18.506666666666668,0.7024495677233429
0,Passione Natura Assoluto 2018,13.0,0.75,13.88,18.506666666666668,0.7024495677233429
0,Pico Maccario Lavignone Barbera d'Asti 2021,14.0,0.75,14.95,19.933333333333334,0.7023411371237458
0,Père Magloire VSOP Calvados muovipullo,40.0,0.5,28.49,56.98,0.7020007020007021
0,The Duppy Share Aged,40.0,0.7,39.89,56.98571428571429,0.7019303083479569
0,Elg Gold Vodka,40.0,0.7,39.89,56.98571428571429,0.7019303083479569
0,Epicuro Primitivo di Manduria 2020,14.0,0.375,7.48,19.94666666666667,0.7018716577540106
0,Platino Pink Moscato Sweet,7.0,0.75,7.48,9.973333333333334,0.7018716577540106
0,Hell Or High Water Spiced,38.0,0.7,37.90,54.142857142857146,0.7018469656992085
0,Massenez Vieille Prune,40.0,0.7,39.90,57.0,0.7017543859649122
0,Irlbacher Exzellent,5.6,0.5,3.99,7.98,0.7017543859649122
0,Heidell Rose Petal Vodka,40.0,0.7,39.90,57.0,0.7017543859649122
0,Planat VSOP Bio,40.0,0.7,39.90,57.0,0.7017543859649122
0,Heidell Vodka,40.0,0.7,39.90,57.0,0.7017543859649122
0,Bodega Vistalba Arido Malbec 2017,14.5,0.75,15.50,20.666666666666668,0.7016129032258064
0,Marjakossu Mustikka,15.0,0.5,10.69,21.38,0.7015902712815716
0,Moillard Beaujolais-Villages Nouveau 2023,13.0,0.75,13.90,18.533333333333335,0.7014388489208633
0,Sauska Siller 2020,13.0,0.75,13.90,18.533333333333335,0.7014388489208633
0,Nanit Orange Wine 2022,13.0,0.75,13.90,18.533333333333335,0.7014388489208633
0,Nanit Natural Wine Red 2022,13.0,0.75,13.90,18.533333333333335,0.7014388489208633
0,Shepherd Neame Christmas Ale,7.0,0.5,4.99,9.98,0.7014028056112224
0,Tre Rose Governo all'Uso Toscano 2019,14.0,0.75,14.98,19.973333333333333,0.7009345794392523
0,Domaine Bousquet Virgen Organic Malbec 2022,14.0,0.75,14.98,19.973333333333333,0.7009345794392523
0,Quinta Vale d’Aldeia ZIP Tinto 2019,14.0,0.75,14.98,19.973333333333333,0.7009345794392523
0,Fleurs de Prairie Sparkling Rosé Brut,12.0,0.75,12.84,17.12,0.7009345794392523
0,Poggio Le Volpi Roma Rosso 2020,14.0,0.75,14.98,19.973333333333333,0.7009345794392523
0,Forest Hill Vineyard Shiraz 2016,14.0,0.75,14.98,19.973333333333333,0.7009345794392523
0,Austo Merlot Appassite 2020,14.0,0.75,14.98,19.973333333333333,0.7009345794392523
0,Orsogna Lunaria Coste di Moro Montepulciano d'Abruzzo 2019,14.0,0.75,14.98,19.973333333333333,0.7009345794392523
0,Famiglia Grillo Traditional Organic Rosso,14.0,0.75,14.98,19.973333333333333,0.7009345794392523
0,Domini Veneti Pruviniano Appassimento 2021,14.0,0.75,14.98,19.973333333333333,0.7009345794392523
0,Puolustuslaitos Punaviiniä 2019,14.0,0.75,14.98,19.973333333333333,0.7009345794392523
0,Los Intocables Rum Barrel Red Blend 2021,14.0,0.75,14.98,19.973333333333333,0.7009345794392523
0,El Cantico Rioja 2021,14.0,0.75,14.98,19.973333333333333,0.7009345794392523
0,Lunaria Ruminat Primitivo 2021,14.0,0.75,14.98,19.973333333333333,0.7009345794392523
0,Nugan Estate Durif 2018,14.0,0.75,14.98,19.973333333333333,0.7009345794392523
0,M. Chapoutier Belleruche Côtes-du-Rhône Rouge 2021,14.0,0.75,14.98,19.973333333333333,0.7009345794392523
0,De Andrés Sisters La Viña del Bululú Granitic Soils,14.0,0.75,14.98,19.973333333333333,0.7009345794392523
0,Anciano Ribera del Duero Crianza 2018,14.0,0.75,14.98,19.973333333333333,0.7009345794392523
0,Piedemonte Baserriberri 2016,14.0,0.75,14.98,19.973333333333333,0.7009345794392523
0,Segredos de São Miguel Grande Escolha 2021,14.0,0.75,14.98,19.973333333333333,0.7009345794392523
0,Grand Vin de Stellenbosch Cape Blend 2019,14.0,0.75,14.98,19.973333333333333,0.7009345794392523
0,Cono Sur Single Vineyard 8 Grapes 2019,14.0,0.75,14.98,19.973333333333333,0.7009345794392523
0,Fontanafredda Briccotondo Piemonte Barbera 2020,14.0,0.75,14.98,19.973333333333333,0.7009345794392523
0,Agathon Limnio Cabernet Sauvignon 2019,14.0,0.75,14.98,19.973333333333333,0.7009345794392523
0,El Cortez XO Extra Ordinario,14.0,0.75,14.98,19.973333333333333,0.7009345794392523
0,Cousiño-Macul Antiguas Reservas Cabernet Sauvignon 2019,14.0,0.75,14.98,19.973333333333333,0.7009345794392523
0,Fairview Bushvine Cinsault 2022,14.0,0.75,14.98,19.973333333333333,0.7009345794392523
0,Ricossa Barbera Appassimento 2021,14.0,0.75,14.98,19.973333333333333,0.7009345794392523
0,19 Crimes The Uprising 2021,14.0,0.75,14.98,19.973333333333333,0.7009345794392523
0,Arancione Originale Valpolicella Ripasso Superiore 2020,14.0,0.75,14.98,19.973333333333333,0.7009345794392523
0,Figula 7ha 2020,14.0,0.75,14.98,19.973333333333333,0.7009345794392523
0,Camden Park Shiraz Grenache 2021,14.0,0.75,14.98,19.973333333333333,0.7009345794392523
0,Nugan Alfredo Second Pass Shiraz 2021,14.0,0.75,14.98,19.973333333333333,0.7009345794392523
0,Plantation Isle of Fiji,40.0,0.7,39.95,57.07142857142858,0.7008760951188986
0,Mezan Chiriqui,40.0,0.7,39.95,57.07142857142858,0.7008760951188986
0,Larsen VS,40.0,0.7,39.95,57.07142857142858,0.7008760951188986
0,Ayinger Winterbock,6.7,0.5,4.78,9.56,0.700836820083682
0,Henry Westons Perry,7.4,0.5,5.28,10.56,0.7007575757575758
0,Thatchers Single Variety Katy,7.4,0.5,5.28,10.56,0.7007575757575758
0,Meukow VS lahjapakkaus,40.0,0.7,39.96,57.08571428571429,0.7007007007007007
0,Massenez Crème de Peche,20.0,0.7,19.98,28.542857142857144,0.7007007007007007
0,Berneroy VSOP Calvados,40.0,0.35,19.98,57.08571428571429,0.7007007007007007
0,Jack Daniel's Old No. 7,40.0,0.35,19.98,57.08571428571429,0.7007007007007007
0,Abbaye d’Aulne Premier Cru,9.0,0.33,4.24,12.848484848484848,0.7004716981132076
0,Sinfo Tinto Roble Viñas Viejas 2019,14.0,0.75,14.99,19.986666666666668,0.7004669779853235
0,Malasenda Roble 2020,14.0,0.75,14.99,19.986666666666668,0.7004669779853235
0,Château de la Jaubertie Cuvée Tradition Rouge 2019,14.0,0.75,14.99,19.986666666666668,0.7004669779853235
0,Lignell & Piispanen Lakka-Light,21.0,0.5,14.99,29.98,0.7004669779853235
0,Koskenkorva Espresso,21.0,0.5,14.99,29.98,0.7004669779853235
0,Tandem Inmacula 2016,14.0,0.75,14.99,19.986666666666668,0.7004669779853235
0,Basciano Chianti Rufina 2021,14.0,0.75,14.99,19.986666666666668,0.7004669779853235
0,Galliano Vanilla,30.0,0.35,14.99,42.82857142857143,0.7004669779853235
0,Aranleón Sólo Tinto,14.0,0.75,14.99,19.986666666666668,0.7004669779853235
0,Argento Reserva Cabernet Franc 2014,14.0,0.75,14.99,19.986666666666668,0.7004669779853235
0,Koskenkorva Apple,21.0,0.5,14.99,29.98,0.7004669779853235
0,Patritti Merlot 2021,14.0,0.75,14.99,19.986666666666668,0.7004669779853235
0,Koskenkorva Lemon Shot,21.0,0.5,14.99,29.98,0.7004669779853235
0,Loacker Falko Rosso 2018,14.0,0.75,14.99,19.986666666666668,0.7004669779853235
0,Bombay Citron Pressé Gin,37.5,0.7,37.48,53.542857142857144,0.7003735325506937
0,La Cigogne Kirsch,45.0,0.7,44.98,64.25714285714285,0.7003112494441974
0,Captain Morgan Sliced Apple,25.0,0.7,24.99,35.7,0.7002801120448179
0,Viva Valentina Il Classico Organic 2021 hanapakkaus,14.0,1.5,29.99,19.993333333333332,0.7002334111370457
0,Spytail,40.0,0.7,39.99,57.12857142857143,0.7001750437609402
0,El Gobernador Pisco,40.0,0.7,39.99,57.12857142857143,0.7001750437609402
0,Gautier VS,40.0,0.7,39.99,57.12857142857143,0.7001750437609402
0,Hell Or High Water Reserva Honey & Orange,40.0,0.7,39.99,57.12857142857143,0.7001750437609402
0,Signal Hill,40.0,0.7,39.99,57.12857142857143,0.7001750437609402
0,The Real McCoy Aged 3 Years,40.0,0.7,39.99,57.12857142857143,0.7001750437609402
0,Discarded Grape Skin Chardonnay Vodka,40.0,0.7,39.99,57.12857142857143,0.7001750437609402
0,Coquerel VSOP Calvados,40.0,0.7,39.99,57.12857142857143,0.7001750437609402
0,Renault Bleu Nuit VS,40.0,0.7,39.99,57.12857142857143,0.7001750437609402
0,Château du Breuil VSOP Calvados,40.0,0.7,39.99,57.12857142857143,0.7001750437609402
0,Jura Red Wine Cask Finish Single Malt,40.0,0.7,39.99,57.12857142857143,0.7001750437609402
0,Ketel One Vodka,40.0,0.7,39.99,57.12857142857143,0.7001750437609402
0,Reyka Vodka,40.0,0.7,39.99,57.12857142857143,0.7001750437609402
0,Ginuine Swiss Gin Strawberry,40.0,0.7,39.99,57.12857142857143,0.7001750437609402
0,Chateau Cafol 2016,14.0,0.75,15.00,20.0,0.7
0,Kasteel Donker,11.0,0.33,5.19,15.727272727272728,0.699421965317919
0,Martini Fiero,14.9,0.75,15.98,21.30666666666667,0.6993116395494368
0,Paulaner Oktoberfestbier,6.0,0.5,4.29,8.58,0.6993006993006993
0,Falter Export Hell tölkki,5.3,0.5,3.79,7.58,0.6992084432717678
0,Patrizi Brut Rosé,11.0,0.75,11.80,15.733333333333334,0.6991525423728813
0,La Falaise Blanche Chardonnay 2022,13.0,0.75,13.95,18.599999999999998,0.6989247311827957
0,Stift Klosterneuburg Zweigelt 2021,13.0,0.75,13.95,18.599999999999998,0.6989247311827957
0,Crooked Mick Chardonnay 2021,13.0,0.75,13.95,18.599999999999998,0.6989247311827957
0,Wise Wolf Chardonnay 2021,13.5,0.75,14.49,19.32,0.6987577639751553
0,Cortese Nostru Nerello Mascalese 2019,13.5,0.75,14.49,19.32,0.6987577639751553
0,Ruppertsberger Grand Imperial Riesling 2022 hanapakkaus,13.5,1.5,28.98,19.32,0.6987577639751553
0,Stoneleigh Wild Valley Wild Fermented Pinot Gris 2022,13.5,0.75,14.49,19.32,0.6987577639751553
0,Wise Wolf Cabernet Sauvignon 2022,13.5,0.75,14.49,19.32,0.6987577639751553
0,Lynx Black Label Petite Sirah 2021,13.5,0.75,14.49,19.32,0.6987577639751553
0,Antiche Terre Amore Assoluto Biologico 2020,13.5,0.75,14.49,19.32,0.6987577639751553
0,Lindeman's Bin 25 Cuvée Brut,12.0,0.75,12.88,17.173333333333336,0.6987577639751552
0,F. Chauvenet Chardonnay Brut,12.0,0.75,12.88,17.173333333333336,0.6987577639751552
0,Osmoz Citrus Gin,46.0,0.7,46.09,65.84285714285716,0.6986331091343023
0,Anima dell'Arancia,40.0,0.5,28.63,57.26,0.6985679357317499
0,Piccini Collezione Oro Organic Chianti 2022,13.0,0.375,6.98,18.613333333333333,0.6984240687679083
0,Viva Valentina Pinot Grigio Organic 2022,13.0,0.375,6.98,18.613333333333333,0.6984240687679083
0,Mallaskoski Craft Pils Suodattamaton tölkki,5.0,0.5,3.58,7.16,0.6983240223463687
0,Black Tower Hedgerow Organic 2022,10.5,0.75,11.28,15.04,0.6981382978723405
0,Dolin Vermouth de Chambéry Dry,17.5,0.375,9.40,25.066666666666666,0.6981382978723404
0,Tabernero Vittoria Reserva Syrah 2016,14.5,0.75,15.58,20.773333333333333,0.69801026957638
0,Château Puy De Guirande 2021,12.0,0.75,12.90,17.2,0.6976744186046512
0,Berg Riesling Hochgewächs 2020,12.0,0.75,12.90,17.2,0.6976744186046512
0,Devils Bit Mountain Cider tölkki,6.0,0.5,4.30,8.6,0.6976744186046512
0,Rémi Pouizin Estoubles Côtes du Rhône 2022,14.5,0.75,15.59,20.786666666666665,0.6975625400898012
0,Beefsteak Club Malbec 2022,13.0,0.75,13.98,18.64,0.6974248927038627
0,Karhu Ruis IPA tölkki,5.3,0.5,3.80,7.6,0.6973684210526316
0,Petite Orange Pinot Gris 2022,13.0,0.75,13.99,18.653333333333332,0.6969263759828449
0,Periquita Reserva 2021,13.0,0.75,13.99,18.653333333333332,0.6969263759828449
0,Spy Valley Satellite Sauvignon Blanc 2022,13.0,0.75,13.99,18.653333333333332,0.6969263759828449
0,Gisselbrecht Gewurztraminer Tradition 2021,13.0,0.75,13.99,18.653333333333332,0.6969263759828449
0,19 Crimes Chardonnay 2022,13.0,0.75,13.99,18.653333333333332,0.6969263759828449
0,Marqués de Cáceres Crianza 2020 lahjapakkaus,13.0,0.75,13.99,18.653333333333332,0.6969263759828449
0,Ruffino Chianti Organic 2022,13.0,0.75,13.99,18.653333333333332,0.6969263759828449
0,Besini Khikhvi 2019,13.0,0.75,13.99,18.653333333333332,0.6969263759828449
0,Wolfberger (W)3 2021,13.0,0.75,13.99,18.653333333333332,0.6969263759828449
0,Enzo Bartoli Dolcetto 2021,13.0,0.75,13.99,18.653333333333332,0.6969263759828449
0,Victorie l'Audacieuse Rosé 2020,13.0,0.75,13.99,18.653333333333332,0.6969263759828449
0,Maison Darragon Vouvray Les Tuffes Chenin Blanc 2022,13.0,0.75,13.99,18.653333333333332,0.6969263759828449
0,Aresti Syrah Cabernet Reserva Especial 2021,13.0,0.75,13.99,18.653333333333332,0.6969263759828449
0,Viva Valentina Chianti Riserva Organic 2019,13.0,0.75,13.99,18.653333333333332,0.6969263759828449
0,Nugan Dreamer´s Chardonnay 2021,13.0,0.75,13.99,18.653333333333332,0.6969263759828449
0,Mezzacorona Gewürztraminer 2022,13.0,0.75,13.99,18.653333333333332,0.6969263759828449
0,Carpineto Originale,13.0,0.75,13.99,18.653333333333332,0.6969263759828449
0,Greenall's London Dry Gin & Tonic tölkki,8.0,0.33,3.79,11.484848484848484,0.6965699208443272
0,By the Dutch Batavia Arrack Indonesia Rum,48.0,0.7,48.24,68.91428571428573,0.6965174129353233
0,St. Andrea Napbor Egri Csillag 2020,12.5,0.75,13.46,17.94666666666667,0.6965081723625556
0,Barone Montalto Cucunci Pinot Grigio Brut,11.5,0.75,12.39,16.52,0.6961259079903148
0,Casa Fina Tempranillo Rosé 4-pack tölkki,12.5,1.0,17.96,17.96,0.6959910913140311
0,Casa Fina Cabernet Sauvignon 4-pack tölkki,12.5,1.0,17.96,17.96,0.6959910913140311
0,Casa Fina Tempranillo Rosé tölkki,12.5,0.25,4.49,17.96,0.6959910913140311
0,Casa Fina Cabernet Sauvignon tölkki,12.5,0.25,4.49,17.96,0.6959910913140311
0,Casa Fina Chardonnay tölkki,12.5,0.25,4.49,17.96,0.6959910913140311
0,Casa Fina Chardonnay 4-pack tölkki,12.5,1.0,17.96,17.96,0.6959910913140311
0,Citadelle Rouge Gin,41.7,0.7,41.95,59.92857142857144,0.6958283671036948
0,Bestheim Pinot Blanc Premium Réserve 2019,12.5,0.75,13.48,17.973333333333333,0.6954747774480713
0,Zenato Custoza 2021,12.5,0.75,13.48,17.973333333333333,0.6954747774480713
0,Passi Reali Riesling 2021,12.5,0.75,13.48,17.973333333333333,0.6954747774480713
0,Mayu Riesling 2022 lahjapakkaus,12.5,0.75,13.48,17.973333333333333,0.6954747774480713
0,Hacienda Valvarés Crianza 2016,14.0,0.75,15.10,20.133333333333333,0.695364238410596
0,Capitano Bitter,18.0,0.5,12.95,25.9,0.694980694980695
0,Yoko Organic Pinot Noir Rosé 2022,12.5,0.75,13.49,17.986666666666668,0.6949592290585619
0,The Flying Spaghetti Monster Pinot Grigio 2022,12.5,0.75,13.49,17.986666666666668,0.6949592290585619
0,Steininger Grüner Veltliner Kamptal 2022,12.5,0.75,13.49,17.986666666666668,0.6949592290585619
0,Bergh Grüner Veltliner Organic 2022,12.5,0.75,13.49,17.986666666666668,0.6949592290585619
0,Frank Chenin Blanc 2022,12.0,0.375,6.48,17.28,0.6944444444444444
0,Postrižiny Francinuv ležák,5.0,0.5,3.60,7.2,0.6944444444444444
0,Crafty Hedgehog Syrah Rosé 2020,12.5,0.75,13.50,18.0,0.6944444444444444
0,Soprasasso Pinot Grigio 2021,12.0,0.375,6.48,17.28,0.6944444444444444
0,Rémi Pouizin Native Visan Côtes du Rhône Villages 2022,14.0,0.75,15.13,20.173333333333336,0.6939854593522802
0,San Simone Prestige Sauvignon 2015,12.5,0.75,13.51,18.013333333333332,0.6939304219096966
0,Le Cardinal Cristal,11.0,0.75,11.89,15.853333333333333,0.6938603868797308
0,Zonin Gran Cuvèe Extra Dry,11.0,0.75,11.89,15.853333333333333,0.6938603868797308
0,Jinro Soju,20.1,0.35,10.14,28.971428571428575,0.6937869822485206
0,Ortega Ezquerro Vino De Tudelilla Crianza 2020,14.0,0.75,15.14,20.186666666666667,0.6935270805812417
0,Bols Blue Curacao,21.0,0.5,15.14,30.28,0.6935270805812417
0,Julius Riesling Organic 2022,12.0,0.75,12.98,17.30666666666667,0.6933744221879814
0,Pazzione Rose by Pernilla Wahlgren 2020,12.0,0.75,12.98,17.30666666666667,0.6933744221879814
0,Jean Biecher Riesling Réserve Organic 2022,12.0,0.75,12.98,17.30666666666667,0.6933744221879814
0,Pizzolato Organic Pinot Grigio 2021,12.0,0.75,12.98,17.30666666666667,0.6933744221879814
0,Leyda Reserva Riesling 2022,12.0,0.75,12.98,17.30666666666667,0.6933744221879814
0,Codorníu Cuvee Barcelona Rosé Brut,12.0,0.75,12.98,17.30666666666667,0.6933744221879814
0,Torres Digno Riesling Rosé 2021,12.0,0.75,12.98,17.30666666666667,0.6933744221879814
0,Viva Valentina Organic Rosato 2022,12.0,0.75,12.98,17.30666666666667,0.6933744221879814
0,Zensa Organico Brut,12.0,0.75,12.98,17.30666666666667,0.6933744221879814
0,Pillitteri Market Collection Lena’s Bianco Gewurztraminer Riesling 2019,12.0,0.75,12.98,17.30666666666667,0.6933744221879814
0,La Nantaise Muscadet Sèvre et Maine 2022,12.0,0.75,12.98,17.30666666666667,0.6933744221879814
0,Frey Summer Organic Grauer Burgunder 2022,12.0,0.75,12.98,17.30666666666667,0.6933744221879814
0,1+1=3 Organic Rosé Cava Extra Dry,12.0,0.75,12.98,17.30666666666667,0.6933744221879814
0,Villa Puccini Vermentino 2022,12.0,0.75,12.98,17.30666666666667,0.6933744221879814
0,Nau Mai Sauvignon Blanc 2022 viinipussi,12.0,1.5,25.98,17.32,0.6928406466512702
0,Citadelle Jardin d'Eté Summer Garden Gin,41.5,0.7,41.94,59.91428571428572,0.6926561754887934
0,Ginato Pinot Grigio Gin,43.0,0.7,43.46,62.08571428571429,0.6925908881730326
0,Andechs Bergbock Hell,6.9,0.5,4.99,9.98,0.6913827655310621
0,Original Long Drink Strong Gin & Orange tölkki,7.5,0.33,3.58,10.848484848484848,0.6913407821229051
0,Original Long Drink Strong tölkki,7.5,0.33,3.58,10.848484848484848,0.6913407821229051
0,Original Long Drink Strong Cranberry tölkki,7.5,0.33,3.58,10.848484848484848,0.6913407821229051
0,Original Long Drink Strong Brandy & Pommac tölkki,7.5,0.33,3.58,10.848484848484848,0.6913407821229051
0,Stellar Organics Brut,11.5,0.75,12.48,16.64,0.6911057692307692
0,Freixenet Xperiencia Cava Seco,11.5,0.75,12.48,16.64,0.6911057692307692
0,Notos Moschofilero 2022,11.5,0.75,12.48,16.64,0.6911057692307692
0,The Bush Rum Mango,37.5,0.7,37.99,54.27142857142858,0.6909713082390102
0,Mallaskoski Kristall Weizen tölkki,5.5,0.5,3.98,7.96,0.6909547738693468
0,La Granja 360 Cava Brut,11.5,0.75,12.49,16.653333333333332,0.6905524419535629
0,Mythe Absinthe,69.0,0.5,49.98,99.96,0.6902761104441777
0,Logan Weemala Pinot Noir 2022,13.5,0.75,14.67,19.56,0.6901840490797546
0,La Muse Verte Absinthe,69.5,0.7,70.49,100.7,0.6901688182720953
0,Brill Vegyes Gyümölcspalinka,40.0,1.0,57.97,57.97,0.6900120752113162
0,Portal da Calcada Reserva Vinho Verde 2021,11.5,0.75,12.50,16.666666666666668,0.69
0,Costalarbol 2016,14.0,0.75,15.22,20.293333333333333,0.6898817345597897
0,Freixenet Chianti 2018,12.5,0.75,13.59,18.12,0.6898454746136865
0,Beringer Zinfandel Rosé 2022,10.0,0.75,10.88,14.506666666666668,0.6893382352941176
0,JP. Chenet Colombard-Sauvignon 2021,11.0,0.25,3.99,15.96,0.6892230576441103
0,Paulaner Weissbier,5.5,0.5,3.99,7.98,0.6892230576441103
0,Hacker-Pschorr Münchner Gold tölkki,5.5,0.5,3.99,7.98,0.6892230576441103
0,Laplandia Espresso,37.5,0.2,10.89,54.45,0.6887052341597796
0,Soffio Oro Blanc de Blancs Extra Dry,11.0,0.75,11.99,15.986666666666666,0.6880733944954128
0,Divici Organic Prosecco Rosé Extra Dry 2020,11.0,0.75,11.99,15.986666666666666,0.6880733944954128
0,Piccini 1882 Extra Dry,11.0,0.75,11.99,15.986666666666666,0.6880733944954128
0,Grace,11.0,0.75,11.99,15.986666666666666,0.6880733944954128
0,Castillo de Madax Blanco 2021,11.0,0.75,11.99,15.986666666666666,0.6880733944954128
0,Bolla Prosecco Extra Dry,11.0,0.75,11.99,15.986666666666666,0.6880733944954128
0,Castelmondo Prosecco Extra Dry,11.0,0.75,11.99,15.986666666666666,0.6880733944954128
0,Blue Fish Gewürztraminer 2020,11.0,0.75,11.99,15.986666666666666,0.6880733944954128
0,Valdo Marca Oro Millesimato Prosecco Rosé Brut 2019,11.0,0.75,11.99,15.986666666666666,0.6880733944954128
0,Pizzolato Organic Rosé Extra Dry,11.0,0.75,11.99,15.986666666666666,0.6880733944954128
0,Villa Loren Prosecco Extra Dry,11.0,0.75,11.99,15.986666666666666,0.6880733944954128
0,Pizzolato Spumante d'Italia Dry 2022,11.0,0.75,11.99,15.986666666666666,0.6880733944954128
0,Tutto è Possibile Less Is More Organic Frizzante muovipullo,11.0,0.75,11.99,15.986666666666666,0.6880733944954128
0,The FoxTale Dry Gin,40.0,0.7,40.71,58.157142857142865,0.687791697371653
0,J.P. Chenet Ice Edition Demi-Sec,10.5,0.75,11.45,15.266666666666666,0.6877729257641921
0,Lahden Erikois Hazy Pale Ale tölkki,4.8,0.5,3.49,6.98,0.6876790830945558
0,Karhu Kupari tölkki,4.7,0.5,3.42,6.84,0.6871345029239766
0,Kalevala Distilled Gin Navy Strength,50.9,0.5,37.06,74.12,0.6867242309767944
0,Black Tower Rivaner 2022,9.5,0.75,10.38,13.840000000000002,0.6864161849710981
0,Rekorderlig Mansikka-Lime tölkki,4.5,0.5,3.28,6.56,0.6859756097560976
0,Chateau Dereszla Volcanic Furmint 2022,12.0,0.75,13.12,17.493333333333332,0.6859756097560976
0,Soprasasso Bardolino Chiaretto 2020,11.5,0.375,6.29,16.773333333333333,0.6856120826709062
0,Dubonnet,14.8,0.75,16.19,21.58666666666667,0.685608400247066
0,Kalevala Vodka,40.0,0.5,29.18,58.36,0.6854009595613434
0,Hans Baer Sauvignon Blanc 2021,10.5,0.75,11.49,15.32,0.685378590078329
0,Malfy Gin Con Arancia,41.0,0.7,41.89,59.84285714285715,0.6851277154452136
0,Malfy Gin Rosa,41.0,0.7,41.89,59.84285714285715,0.6851277154452136
0,Malfy Gin Con Limone,41.0,0.7,41.89,59.84285714285715,0.6851277154452136
0,Roe & Co,45.0,0.7,45.99,65.7,0.684931506849315
0,Reh Kendermann Riesling Vom Kalkstein 2022 lahjapakkaus,12.5,0.75,13.69,18.253333333333334,0.6848064280496713
0,Gorgo Bardolino Chiaretto Biologico 2022,12.5,0.75,13.70,18.266666666666666,0.6843065693430658
0,Penley Estate Atlas Shiraz 2017,14.5,0.75,15.90,21.2,0.6839622641509434
0,Ogier Artesis Côtes du Rhône Organic 2022,14.5,0.75,15.90,21.2,0.6839622641509434
0,San Miguel Premium tölkki,4.5,0.5,3.29,6.58,0.6838905775075987
0,Kaksi Marjaa Mustikka-Vadelma muovipullo,15.0,0.5,10.97,21.94,0.6836827711941659
0,Glen Moray Elgin Classic Single Malt,40.0,0.35,20.48,58.51428571428572,0.6835937499999999
0,BrewDog Punk IPA tölkki,5.4,0.5,3.95,7.9,0.6835443037974683
0,Suomenlinnan Hoppe IPA tölkki,6.0,0.5,4.39,8.78,0.6833712984054671
0,Two Oceans Moscato 2023,8.0,0.75,8.78,11.706666666666665,0.6833712984054671
0,Monopol VS muovipullo,40.0,0.35,20.49,58.542857142857144,0.6832601268911664
0,Leijona Capri Lemonello,15.0,0.5,10.98,21.96,0.6830601092896175
0,Leijona Namu Persikka muovipullo,15.0,0.5,10.98,21.96,0.6830601092896175
0,Niepoort Ruby,20.0,0.375,10.98,29.28,0.6830601092896175
0,Koskenkorva Mandarin muovipullo,15.0,0.5,10.98,21.96,0.6830601092896175
0,Pople Summer Sour Fruit Mix muovipullo,15.0,0.5,10.98,21.96,0.6830601092896175
0,Lignell & Piispanen Vadelma muovipullo,15.0,0.5,10.98,21.96,0.6830601092896175
0,El Coto Crianza 2019,13.0,0.75,14.28,19.04,0.6827731092436975
0,Koff Porter,7.2,0.33,3.48,10.545454545454545,0.6827586206896552
0,Leijona Miami Mojito Lime muovipullo,15.0,0.5,10.99,21.98,0.6824385805277525
0,Ferreira Late Bottled Vintage Port 2018,20.0,0.375,10.99,29.30666666666667,0.6824385805277524
0,Righi Lambrusco di Modena Biologico,10.0,0.75,10.99,14.653333333333334,0.6824385805277524
0,Mulata Carta Blanca 3 Años,40.0,0.7,41.03,58.61428571428572,0.6824274920789666
0,Sella & Mosca Cannonau di Sardegna 2021,13.5,0.75,14.84,19.786666666666665,0.682277628032345
0,Milestii Mici Univers Rosé 2021,14.5,0.75,15.94,21.253333333333334,0.6822459222082811
0,Dow's Trademark Finest Reserve Port,20.0,0.75,21.99,29.319999999999997,0.6821282401091406
0,Limoncello Di Capri,30.0,0.5,21.99,43.98,0.6821282401091405
0,Moselland Riesling Kabinett 2022 hanapakkaus,7.5,3.0,32.99,10.996666666666668,0.6820248560169747
0,Bombay Bramble Gin,37.5,0.7,38.49,54.985714285714295,0.6819953234606391
0,Freixenet Ice Cuvée Especial Cava Semi Seco,11.5,0.75,12.65,16.866666666666667,0.6818181818181818
0,Lignell's Cafe Cognac Liqueur muovipullo,21.0,0.5,15.40,30.8,0.6818181818181818
0,Pusser's Original,40.0,0.7,41.12,58.74285714285714,0.6809338521400778
0,Ramos Pinto Ruby Port,19.5,0.75,21.48,28.64,0.6808659217877094
0,Ramos Pinto White Port,19.5,0.75,21.48,28.64,0.6808659217877094
0,Maxime Trijol VSOP muovipullo,40.0,0.5,29.38,58.76,0.6807351940095303
0,1924 Double Black 2020,14.5,0.75,15.98,21.30666666666667,0.6805381727158948
0,1000 Stories Chardonnay 2021,14.5,0.75,15.98,21.30666666666667,0.6805381727158948
0,1000 Stories Zinfandel 2021,14.5,0.75,15.98,21.30666666666667,0.6805381727158948
0,Áster One 1 2021,14.5,0.75,15.98,21.30666666666667,0.6805381727158948
0,San Michele a Torri Chianti Colli Fiorentini 2022 lahjapakkaus,14.5,0.75,15.98,21.30666666666667,0.6805381727158948
0,Allesverloren Shiraz 2018,14.5,0.75,15.98,21.30666666666667,0.6805381727158948
0,Pagos del Rey Gran Bajoz Tinta de Toro 2018,14.5,0.75,15.98,21.30666666666667,0.6805381727158948
0,D'Arenberg The Love Grass Shiraz 2019,14.5,0.75,15.98,21.30666666666667,0.6805381727158948
0,Tom of Finland Outstanding Red 2016,14.5,0.75,15.98,21.30666666666667,0.6805381727158948
0,Lourensford The Dome Chardonnay 2021,14.5,0.75,15.98,21.30666666666667,0.6805381727158948
0,Cap de Canons Negre 2021,14.5,0.75,15.98,21.30666666666667,0.6805381727158948
0,Demuerte One 2019,14.5,0.75,15.98,21.30666666666667,0.6805381727158948
0,Pares Balta Mas Elena 2019,14.5,0.75,15.98,21.30666666666667,0.6805381727158948
0,Peter Lehmann Portrait Shiraz 2021,14.5,0.75,15.98,21.30666666666667,0.6805381727158948
0,Cono Sur Single Vineyard Block 21 Pinot Noir 2021 lahjapakkaus,14.5,0.75,15.98,21.30666666666667,0.6805381727158948
0,Piqueras Gold Label 2020,14.5,0.75,15.98,21.30666666666667,0.6805381727158948
0,Jaume Serra Bouquet Cava Brut,11.5,0.75,12.68,16.906666666666666,0.680205047318612
0,Jaume Serra Bouquet Rosé Cava Brut,11.5,0.75,12.68,16.906666666666666,0.680205047318612
0,Pegasus Appassimento 2020,14.5,0.75,15.99,21.32,0.6801125703564728
0,Les Monicord 2019,14.5,0.75,15.99,21.32,0.6801125703564728
0,Lyme Bay Traditional Mead,14.5,0.75,15.99,21.32,0.6801125703564728
0,Generación 76 Organic Tempranillo 2020,13.5,0.75,14.89,19.853333333333335,0.6799865681665547
0,Montecillo Crianza 2019,13.5,0.75,14.89,19.853333333333335,0.6799865681665547
0,Apothic Red Blend 2020,13.5,0.75,14.89,19.853333333333335,0.6799865681665547
0,Signorelli Valpolicella Ripasso Superiore 2019,13.5,0.75,14.89,19.853333333333335,0.6799865681665547
0,Ventisquero Soul of the Andes Pinot Noir Reserva 2021,13.0,0.75,14.35,19.133333333333333,0.6794425087108014
0,Stift Klosterneuburg Rosé 2021,12.5,0.75,13.80,18.400000000000002,0.6793478260869564
0,b.io Nero d'Avola Rosato Organic 2022,12.5,0.75,13.80,18.400000000000002,0.6793478260869564
0,Pasqua PassioneSentimento Rosso 2020,14.0,0.75,15.48,20.64,0.6782945736434108
0,Dupont Fine Calvados,40.0,0.5,29.49,58.98,0.678195998643608
0,Häjy Puro Vodka,40.0,0.5,29.50,59.0,0.6779661016949152
0,Roku Gin,43.0,0.7,44.40,63.42857142857143,0.6779279279279279
0,Lapponia Mustikka,21.0,0.5,15.49,30.98,0.6778566817301485
0,Lapponia Polar Karpalo,21.0,0.5,15.49,30.98,0.6778566817301485
0,Lapponia Lakka,21.0,0.5,15.49,30.98,0.6778566817301485
0,Dopff & Irion Cuvée René Dopff Muscat 2021,12.0,0.75,13.28,17.706666666666667,0.677710843373494
0,Weihenstephaner Festbier,5.8,0.5,4.28,8.56,0.6775700934579438
0,Hand Crafted by Geoff Hardy Shiraz 2019,14.5,0.75,16.05,21.400000000000002,0.6775700934579438
0,Hipster Negroamaro 2021,13.0,0.75,14.39,19.186666666666667,0.6775538568450312
0,Scandinavian Sitruuna LakuShot muovipullo,15.0,0.5,11.07,22.14,0.6775067750677507
0,Quinta de Chocapalha Tinto  2019,14.0,0.75,15.50,20.666666666666668,0.6774193548387096
0,Terre da Vino Ansisa Barbera d'Alba 2020,13.5,0.75,14.95,19.933333333333334,0.677257525083612
0,Podere Ruggeri Corsini Barbera d'Alba 2020,13.5,0.75,14.95,19.933333333333334,0.677257525083612
0,Koff Long Drink Pink Grapefruit tölkki,5.5,0.33,2.68,8.121212121212121,0.6772388059701493
0,Koff Long Drink Lime & Vodka tölkki,5.5,0.33,2.68,8.121212121212121,0.6772388059701493
0,Koff Long Drink Gin & Wild Strawberry tölkki,5.5,0.33,2.68,8.121212121212121,0.6772388059701493
0,Koff Long Drink tölkki,5.5,0.33,2.68,8.121212121212121,0.6772388059701493
0,Averna Amaro Siciliano,29.0,0.7,29.98,42.82857142857143,0.6771180787191461
0,Monopole Blanco 2018,13.0,0.75,14.40,19.2,0.6770833333333334
0,Martini Prosecco Extra Dry,11.5,0.75,12.75,17.0,0.6764705882352942
0,Gatão Vinho Verde,9.0,0.75,9.98,13.306666666666667,0.6763527054108216
0,Falco Rosé 2020,11.5,0.75,12.76,17.013333333333332,0.6759404388714734
0,Moulin de Gassac Guilhem 2020,13.5,0.75,14.98,19.973333333333333,0.6759012016021362
0,Villalta Valpolicella Ripasso 2020,13.5,0.75,14.98,19.973333333333333,0.6759012016021362
0,Zuccardi Serie A Torrontés 2021,13.5,0.75,14.98,19.973333333333333,0.6759012016021362
0,Meia Serra Reserva 2017,13.5,0.75,14.98,19.973333333333333,0.6759012016021362
0,Apothic Dark 2019,13.5,0.75,14.98,19.973333333333333,0.6759012016021362
0,Cocci Grifoni Merlo Sangiovese Organic Natural 2022,13.5,0.75,14.98,19.973333333333333,0.6759012016021362
0,Lunaria La Belle Malvasia 2021,13.5,0.75,14.98,19.973333333333333,0.6759012016021362
0,Marqués de la Concordia Rioja Santiago Gran Reserva 2013,13.5,0.75,14.98,19.973333333333333,0.6759012016021362
0,Ferraton Père et Fils La Tournée Red 2021,13.5,0.75,14.98,19.973333333333333,0.6759012016021362
0,Billebeino Negroamaro 2017,13.5,0.75,14.98,19.973333333333333,0.6759012016021362
0,VA! Maceración Carbónica Tempranillo 2021,13.5,0.75,14.98,19.973333333333333,0.6759012016021362
0,Château Ksara Reserve du Couvent 2019,13.5,0.75,14.98,19.973333333333333,0.6759012016021362
0,Mo Sisters Chardonnay 2018,13.5,0.75,14.98,19.973333333333333,0.6759012016021362
0,Motto Gung Ho Red Blend 2014,13.5,0.75,14.98,19.973333333333333,0.6759012016021362
0,Antologia Langhe Nebbiolo 2019,13.5,0.75,14.98,19.973333333333333,0.6759012016021362
0,Wynns Coonawarra Estate Chardonnay 2021,13.5,0.75,14.98,19.973333333333333,0.6759012016021362
0,Chakana Nuna Vineyard Cabernet Franc 2019,13.5,0.75,14.98,19.973333333333333,0.6759012016021362
0,Quinta do Valdoeiro 2017,13.5,0.75,14.98,19.973333333333333,0.6759012016021362
0,Azul y Garanza Tinto 2021,13.5,0.75,14.98,19.973333333333333,0.6759012016021362
0,Dobosi Juhfark 2019,13.5,0.75,14.98,19.973333333333333,0.6759012016021362
0,Ruppertsberger Grand Imperial Riesling 2022,13.5,0.75,14.98,19.973333333333333,0.6759012016021362
0,Gnarly Head Viognier 2021,13.5,0.75,14.98,19.973333333333333,0.6759012016021362
0,Matua Rosé 2021,13.5,0.75,14.98,19.973333333333333,0.6759012016021362
0,Cune Crianza 2020 lahjapakkaus,13.5,0.75,14.98,19.973333333333333,0.6759012016021362
0,Cono Sur Single Vineyard Block 23 Riesling Organic 2022,13.5,0.75,14.98,19.973333333333333,0.6759012016021362
0,Zenato Valpolicella Superiore 2020,13.5,0.75,14.98,19.973333333333333,0.6759012016021362
0,Casasmith Vino Rosso 2016,13.5,0.75,14.98,19.973333333333333,0.6759012016021362
0,Smoking Loon Pinot Noir 2017,13.5,0.75,14.98,19.973333333333333,0.6759012016021362
0,Casalforte Valpolicella Ripasso 2020,13.5,0.75,14.98,19.973333333333333,0.6759012016021362
0,Pierrick Harang Sans Air Organic Syrah 2019,13.5,0.75,14.98,19.973333333333333,0.6759012016021362
0,Lan Crianza 2019,13.5,0.75,14.98,19.973333333333333,0.6759012016021362
0,Los Intocables Bourbon Barrel Malbec 2021 lahjapakkaus,13.5,0.75,14.98,19.973333333333333,0.6759012016021362
0,B.io Primitivo Vino Biologico 2021,13.5,0.75,14.98,19.973333333333333,0.6759012016021362
0,Petit Bourgeois Sauvignon Blanc 2022,13.5,0.75,14.98,19.973333333333333,0.6759012016021362
0,Sarvet Tinto 2018,13.5,0.75,14.98,19.973333333333333,0.6759012016021362
0,Luigi Righetti Campolieti Valpolicella Ripasso Classico Superiore 2021,13.5,0.75,14.98,19.973333333333333,0.6759012016021362
0,19 Crimes The Banished 2021,13.5,0.75,14.98,19.973333333333333,0.6759012016021362
0,Tanqueray No. Ten,47.3,0.7,48.99,69.9857142857143,0.6758522147377014
0,Galliano Espresso,30.0,0.5,22.20,44.4,0.6756756756756757
0,Chouffe Houblon Dobbelen IPA Tripel,9.0,0.75,9.99,13.32,0.6756756756756757
0,Lombardo Marsala Superiore Secco 2011,18.0,0.375,9.99,26.64,0.6756756756756757
0,J.J.Kurberg Rukis Rye Malt Vodka,40.0,0.7,41.45,59.21428571428572,0.6755126658624848
0,La Mision Reserva Especial Chardonnay 2022,13.5,0.75,14.99,19.986666666666668,0.6754503002001334
0,Santa Julia Pinot Noir Flores Negras 2023,13.5,0.75,14.99,19.986666666666668,0.6754503002001334
0,Velenosi Montepulciano d'Abruzzo 2021,13.5,0.75,14.99,19.986666666666668,0.6754503002001334
0,Casa Bollen Cabernet Sauvignon Reserva 2021,13.5,0.75,14.99,19.986666666666668,0.6754503002001334
0,Faustino Art Collection Red Crianza 2020,13.5,0.75,14.99,19.986666666666668,0.6754503002001334
0,Avgvstvs Rosat Viticultura Ecológica 2020,13.5,0.75,14.99,19.986666666666668,0.6754503002001334
0,Orsogna Lunaria Ramoro Pinot Grigio Rosé 2020,13.5,0.75,14.99,19.986666666666668,0.6754503002001334
0,Piccini Solco Toscana Appassite 2020,13.5,0.75,14.99,19.986666666666668,0.6754503002001334
0,Paul Mas Estate Cabernet Sauvignon 2021,13.5,0.75,14.99,19.986666666666668,0.6754503002001334
0,Offley Clink Rosé Porto,18.0,0.75,19.99,26.653333333333332,0.6753376688344173
0,Noilly Prat Original Dry,18.0,0.75,19.99,26.653333333333332,0.6753376688344173
0,Chateau La Fleur Fompyere 2016,13.5,0.75,15.00,20.0,0.675
0,Château Moulin de Bel Air 2016,13.5,0.75,15.00,20.0,0.675
0,Kloster Pforta Weissburgunder 2020,12.5,0.75,13.89,18.52,0.6749460043196545
0,Joseph Cattin Riesling 2022,12.5,0.75,13.89,18.52,0.6749460043196545
0,Blanc de Carsin 2022,12.5,0.75,13.89,18.52,0.6749460043196545
0,Jameson Caskmates Stout Edition,40.0,0.7,41.49,59.27142857142858,0.6748614123885273
0,Arthur Metz Vin d'Alsace 2021,12.0,0.75,13.34,17.786666666666665,0.6746626686656673
0,Antiche Terre Venete Soave 2022,12.5,0.75,13.90,18.533333333333335,0.6744604316546762
0,Laroche Rosé La Chevalière,12.5,0.75,13.90,18.533333333333335,0.6744604316546762
0,Suomenlinnan Helsinki Porter tölkki,5.5,0.5,4.08,8.16,0.6740196078431372
0,Sandford Orchards Reserve Vintage Cider 2019,7.4,0.5,5.49,10.98,0.6739526411657559
0,Pimm's No.1,25.0,0.7,25.98,37.114285714285714,0.6735950731331793
0,Xanté,35.0,0.5,25.99,51.98,0.6733358984224702
0,Murrina Greco di Tufo 2022,13.0,0.75,14.49,19.32,0.6728778467908902
0,Marqués de Riscal Organic Verdejo 2021,13.0,0.75,14.49,19.32,0.6728778467908902
0,Sebastian Erbeldinger Grauburgunder 2022,13.0,0.75,14.49,19.32,0.6728778467908902
0,Cortese Nostru Catarratto Lucido 2020,13.0,0.75,14.49,19.32,0.6728778467908902
0,Antiche Terre Amore Oro Bianco 2020,13.0,0.75,14.49,19.32,0.6728778467908902
0,Eymann Gönnheimer Weißburgunder Trocken 2016,12.5,0.75,13.94,18.586666666666666,0.6725251076040173
0,Punaisen Tuvan Kohina,12.5,0.75,13.94,18.586666666666666,0.6725251076040173
0,Le Contesse Bonny Bio Brut,11.0,0.75,12.27,16.36,0.6723716381418093
0,Hayman's London Dry Gin,41.2,0.7,42.90,61.285714285714285,0.6722610722610723
0,Olaf Northern Comfort Imperial Stout,11.0,0.33,5.40,16.363636363636363,0.6722222222222223
0,La Falaise Blanche Sauvignon Blanc 2022,12.5,0.75,13.95,18.599999999999998,0.6720430107526882
0,Mrs. Wigley Rosé 2021,13.0,0.75,14.51,19.346666666666668,0.6719503790489317
0,One Margarita kartonkitölkki,26.0,0.1,3.87,38.699999999999996,0.6718346253229975
0,Hammer & Son Old English Gin,44.0,0.7,45.85,65.5,0.6717557251908397
0,Lindeman's Cawarra Sémillon Chardonnay 2021,12.5,0.187,3.48,18.609625668449198,0.6716954022988506
0,Château Couronneau Le Fougueux 2020,15.0,0.75,16.75,22.333333333333332,0.6716417910447762
0,Roncalla Chianti 2019,12.5,0.375,6.98,18.613333333333333,0.6715616045845272
0,Ruppertsberger Imperial Cuvée Organic 2020,12.5,0.375,6.98,18.613333333333333,0.6715616045845272
0,Zenato Pinot Grigio 2022,12.5,0.75,13.97,18.62666666666667,0.6710808876163206
0,Ayinger Weizenbock,7.1,0.5,5.29,10.58,0.6710775047258979
0,Erdinger Weissbier,5.3,0.5,3.95,7.9,0.670886075949367
0,Krombacher Weizen,5.3,0.5,3.95,7.9,0.670886075949367
0,Leijona Bali Strawberry Lime Mojito muovipullo,15.0,0.5,11.18,22.36,0.670840787119857
0,Merser Double Barrel Rum,43.1,0.7,44.99,64.27142857142857,0.6705934652144921
0,Henkell Piccolo Rosé Dry,12.0,0.2,3.58,17.9,0.670391061452514
0,Bulleit Rye,45.0,0.7,46.99,67.12857142857143,0.6703553947648435
0,Mallaskoski True Lager tölkki,5.0,0.5,3.73,7.46,0.6702412868632708
0,Laroche Réserve & Organic Chardonnay L 2022,12.5,0.75,13.99,18.653333333333332,0.6701215153681201
0,Barton & Guestier Rosé 2022,12.5,0.75,13.99,18.653333333333332,0.6701215153681201
0,Pitars Cabernet Franc Braida Santa Cecilia 2020,12.5,0.75,13.99,18.653333333333332,0.6701215153681201
0,Carallán Albariño 2020,12.5,0.75,13.99,18.653333333333332,0.6701215153681201
0,Zenato Rosé San Benedetto 2022,12.5,0.75,13.99,18.653333333333332,0.6701215153681201
0,Nett Tradition Riesling Trocken 2021,12.5,0.75,13.99,18.653333333333332,0.6701215153681201
0,Herdade São Miguel Colheita Seleccionada Branco 2022,12.5,0.75,13.99,18.653333333333332,0.6701215153681201
0,Anselmann Riesling Classic 2021,12.5,0.75,13.99,18.653333333333332,0.6701215153681201
0,Cantina Tollo Trebbiano D'Abruzzo Biologico 2022,12.5,0.75,13.99,18.653333333333332,0.6701215153681201
0,Campagnola Pinot Grigio delle Venezie Organic 2022,12.5,0.75,13.99,18.653333333333332,0.6701215153681201
0,D'Autrefois Pinot Noir 2021,12.5,0.75,13.99,18.653333333333332,0.6701215153681201
0,Besini Saperavi Dry Red 2019,12.5,0.75,13.99,18.653333333333332,0.6701215153681201
0,Mon Grand Grenache Noir Rosé 2021,12.5,0.75,13.99,18.653333333333332,0.6701215153681201
0,D'Autrefois Chardonnay 2022,12.5,0.75,13.99,18.653333333333332,0.6701215153681201
0,Exhib Rose 2020,12.5,0.75,13.99,18.653333333333332,0.6701215153681201
0,Muros Antigos Escolha 2022,12.5,0.75,13.99,18.653333333333332,0.6701215153681201
0,Pesce Bianco Organic 2021,12.5,0.75,13.99,18.653333333333332,0.6701215153681201
0,Pitars Traminer Aromatico Braida Santa Cecilia 2022,12.5,0.75,13.99,18.653333333333332,0.6701215153681201
0,Silks Irish Dry Gin,42.0,0.7,43.89,62.7,0.6698564593301435
0,Faustino VII Rosado,12.5,0.1875,3.50,18.666666666666668,0.6696428571428571
0,RPS Theory Of Hoppyness 2021 tölkki,6.3,0.44,4.14,9.409090909090908,0.6695652173913044
0,Avondale Jonty's Ducks Pekin Red 2017,14.0,0.75,15.69,20.919999999999998,0.6692160611854685
0,Avondale Jonty´s Ducks Family Red 2018,14.0,0.75,15.69,20.919999999999998,0.6692160611854685
0,La Causa País 2016,14.0,0.75,15.69,20.919999999999998,0.6692160611854685
0,Guy Allion A Sauvignon 2021,12.5,0.75,14.01,18.68,0.6691648822269808
0,Nemiroff De Luxe Vodka,40.0,0.05,2.99,59.800000000000004,0.6688963210702341
0,Pilsner Urquell tölkki,4.4,0.5,3.29,6.58,0.6686930091185411
0,Un Peureux Absinthe,48.0,0.5,35.90,71.8,0.6685236768802229
0,Merul Mavrud 2015,14.0,0.75,15.71,20.94666666666667,0.668364099299809
0,Moses Date Vodka,40.0,0.7,41.90,59.85714285714286,0.6682577565632458
0,Hans Baer Pinot Noir,12.0,0.25,4.49,17.96,0.6681514476614699
0,Jouluaamu Luomu Punaviiniglögi muovipullo,8.0,0.75,8.98,11.973333333333334,0.6681514476614698
0,Rose di Bacco Lambrusco Rosato Amabile,8.0,0.75,8.98,11.973333333333334,0.6681514476614698
0,St. Austell Big Job Double IPA,7.2,0.5,5.39,10.78,0.6679035250463823
0,Le Grand Noir Sauvignon Blanc 2022 muovipullo,12.5,0.187,3.50,18.71657754010695,0.6678571428571429
0,Camus VS Elegance muovipullo,40.0,0.5,29.95,59.9,0.667779632721202
0,Cecilia Beretta Chiaretto di Bardolino Classico 2020,12.0,0.75,13.48,17.973333333333333,0.6676557863501484
0,Tarani Gamay Rosé 2022,12.0,0.75,13.48,17.973333333333333,0.6676557863501484
0,Vilarnau Organic Rose Cava Brut,12.0,0.75,13.48,17.973333333333333,0.6676557863501484
0,Lahden Erikois IPA tölkki,4.7,0.5,3.52,7.04,0.6676136363636364
0,Loimu Glüh Gin Liqueur,20.0,0.5,14.98,29.96,0.6675567423230975
0,Paulaner Weissbier Dunkel,5.3,0.5,3.97,7.94,0.6675062972292191
0,Apothic Inferno 2019,16.0,0.75,17.98,23.973333333333333,0.6674082313681869
0,Riunite Lambrusco Amabile,8.0,0.75,8.99,11.986666666666666,0.6674082313681869
0,Gran Appasso Collezione Old Vines Primitivo 2021,16.0,0.75,17.98,23.973333333333333,0.6674082313681869
0,ABK6 VSOP Single Estate muovipullo,40.0,0.5,29.97,59.94,0.6673340006673341
0,Weinhof 519 Riesling 2022 muovipullo,12.0,0.75,13.49,17.986666666666668,0.6671608598962193
0,Douce Nature Organic Sauvignon Blanc 2021,12.0,0.75,13.49,17.986666666666668,0.6671608598962193
0,Masi Modello Pinot Grigio 2022,12.0,0.75,13.49,17.986666666666668,0.6671608598962193
0,Gisselbrecht Riesling Organic 2021,12.0,0.75,13.49,17.986666666666668,0.6671608598962193
0,FiorAmore Prosecco Extra Dry,12.0,0.75,13.49,17.986666666666668,0.6671608598962193
0,Pasqua CB Chiaretto di Bardolino 2021,12.0,0.75,13.49,17.986666666666668,0.6671608598962193
0,Speyburn Bradan Orach Single Malt,40.0,0.7,41.98,59.97142857142857,0.6669842782277275
0,Plantation Stiggins' Fancy Pineapple,40.0,0.7,41.98,59.97142857142857,0.6669842782277275
0,Christian Drouin La Blanche,40.0,0.7,41.98,59.97142857142857,0.6669842782277275
0,Jägermeister Manifest,38.0,1.0,56.98,56.98,0.666900666900667
0,Muteman Gin,40.0,0.5,29.99,59.98,0.6668889629876625
0,Yuliia Joven Mezcal,40.0,0.5,29.99,59.98,0.6668889629876625
0,Helsinki Dry Vodka,40.0,0.5,29.99,59.98,0.6668889629876625
0,Le Petit Gascoûn Rouge 2020,12.0,0.75,13.50,18.0,0.6666666666666666
0,Aldersbacher Ursprung Export Hell,5.6,0.5,4.20,8.4,0.6666666666666666
0,Viva Valentina Il Classico Organic 2021,14.0,0.375,7.88,21.013333333333332,0.666243654822335
0,Muga Blanco 2016,13.0,0.75,14.65,19.533333333333335,0.6655290102389078
0,Torres Viña Esmeralda 2021,11.5,0.375,6.48,17.28,0.6655092592592592
0,Benediktiner Weissbier,5.4,0.5,4.06,8.12,0.665024630541872
0,Lervig Original Sin Imperial Double Chocolate Stout tölkki,13.5,0.33,6.70,20.3030303030303,0.6649253731343284
0,Arctic Blue Navy Strength Gin,58.5,0.5,43.99,87.98,0.664923846328711
0,United Gypsies Ryyskä Quadryepel tölkki,11.0,0.33,5.46,16.545454545454543,0.6648351648351649
0,Duc de Foix Cava Brut Nature,12.0,0.75,13.54,18.05333333333333,0.6646971935007386
0,Codorníu Limited Edition Rosé Cava Brut,11.5,0.75,12.98,17.30666666666667,0.6644838212634823
0,The Flower Pot Biowein Weiss 2022,11.5,0.75,12.98,17.30666666666667,0.6644838212634823
0,Vilarnau Organic Cava Brut Nature,11.5,0.75,12.98,17.30666666666667,0.6644838212634823
0,Pizzolato Organic Pinot Grigio Extra Dry 2022,11.5,0.75,12.98,17.30666666666667,0.6644838212634823
0,Borrasca Cava Brut,11.5,0.75,12.98,17.30666666666667,0.6644838212634823
0,Robert de Nola Cava Brut,11.5,0.75,12.98,17.30666666666667,0.6644838212634823
0,Faustino Cava Extra Seco,11.5,0.75,12.98,17.30666666666667,0.6644838212634823
0,Green Soul Organic Riesling 2022,11.5,0.75,12.98,17.30666666666667,0.6644838212634823
0,Love Organic Dry,11.5,0.75,12.98,17.30666666666667,0.6644838212634823
0,Yötön yö 2022,11.5,0.75,12.98,17.30666666666667,0.6644838212634823
0,Hamina Tattoo Cava Brut,11.5,0.75,12.98,17.30666666666667,0.6644838212634823
0,Viva Valentina Organic Sparkling Dry,11.5,0.75,12.98,17.30666666666667,0.6644838212634823
0,Aveleda Loureiro 2021,11.5,0.75,12.98,17.30666666666667,0.6644838212634823
0,Julià & Navinès Organic Cava Brut Nature,11.5,0.75,12.98,17.30666666666667,0.6644838212634823
0,Castell d'Or Cabaret Cava Semi Sec,11.5,0.75,12.98,17.30666666666667,0.6644838212634823
0,She's Always Rose Pinot Noir Extra Dry,11.5,0.75,12.98,17.30666666666667,0.6644838212634823
0,Ruppertsberger Imperial Riesling Sekt,11.5,0.75,12.98,17.30666666666667,0.6644838212634823
0,Soligo Col de Mez Rosato,11.5,0.75,12.98,17.30666666666667,0.6644838212634823
0,Celebrandum Reserva Cava Sec,11.5,0.75,12.98,17.30666666666667,0.6644838212634823
0,Retoño Organic Cava Brut,11.5,0.75,12.98,17.30666666666667,0.6644838212634823
0,Fleur de Vignoble Organic Blanc de Blancs Brut,11.5,0.75,12.98,17.30666666666667,0.6644838212634823
0,Moshi Moshi Organic Sparkling Extra Dry,11.5,0.75,12.98,17.30666666666667,0.6644838212634823
0,Anna de Codorníu Organic Cava Brut,11.5,0.75,12.98,17.30666666666667,0.6644838212634823
0,Vilarnau Organic Cava Seco,11.5,0.75,12.98,17.30666666666667,0.6644838212634823
0,Azahar Vinho Verde 2022,11.5,0.75,12.98,17.30666666666667,0.6644838212634823
0,Floralba Prosecco Rosé Brut 2021,11.5,0.75,12.98,17.30666666666667,0.6644838212634823
0,Villa Wolf Pinot Noir Rosé 2022,11.5,0.75,12.98,17.30666666666667,0.6644838212634823
0,Val d'Oca Millesimato Prosecco Extra Dry 2022,11.5,0.75,12.98,17.30666666666667,0.6644838212634823
0,1+1=3 Cava Brut,11.5,0.75,12.98,17.30666666666667,0.6644838212634823
0,Corvers Kauter R3 Riesling Remastered 2022,11.5,0.75,12.98,17.30666666666667,0.6644838212634823
0,Villa Conchi Cava Brut Selección,11.5,0.75,12.98,17.30666666666667,0.6644838212634823
0,Savia Viva Organic Cava,11.5,0.75,12.98,17.30666666666667,0.6644838212634823
0,Codorníu Limited Edition Cava Brut,11.5,0.75,12.98,17.30666666666667,0.6644838212634823
0,Freixenet Italian Rosé 2020,11.5,0.75,12.98,17.30666666666667,0.6644838212634823
0,Cantine Caviro Novebolle Romagna Extra Dry,11.5,0.75,12.98,17.30666666666667,0.6644838212634823
0,Greizer Nuss Nougat,15.0,0.5,11.29,22.58,0.6643046944198406
0,Olutpaja Yövuoro Imperial Stout,10.0,0.5,7.53,15.06,0.6640106241699867
0,Moshi Moshi Organic Sparkling Rosé Extra Dry,11.5,0.75,12.99,17.32,0.663972286374134
0,Think Organic Sparkling Extra Dry,11.5,0.75,12.99,17.32,0.663972286374134
0,KWV Ginger Classique Liqueur,25.0,0.5,18.83,37.66,0.6638343069569836
0,Kiebel Cuvee Blanc 2020,12.0,0.75,13.56,18.080000000000002,0.663716814159292
0,Lignell & Piispanen Tyrnilikööri muovipullo,15.0,0.5,11.30,22.6,0.663716814159292
0,Zonin Frizzantino Amabile,7.5,0.75,8.48,11.306666666666667,0.6633254716981132
0,Pramia Kupla Hard Seltzer muovipullo,8.0,0.33,3.98,12.06060606060606,0.6633165829145728
0,Wolfberger Pinot Gris 2021,13.0,0.75,14.70,19.599999999999998,0.663265306122449
0,A. Le Coq Jõuluporter,6.5,0.5,4.90,9.8,0.6632653061224489
0,Wieninger Ruperti Pils,5.0,0.5,3.77,7.54,0.6631299734748011
0,Verduzzo delle Venezie 2021,10.5,0.75,11.89,15.853333333333333,0.6623212783851976
0,Asio Otus Extra Dry,12.0,0.75,13.59,18.12,0.662251655629139
0,Verrocchio Valpolicella Ripasso Superiore 2020,13.5,0.75,15.29,20.386666666666667,0.6621975147155004
0,Espelt Solivent  2019,15.0,0.75,16.99,22.653333333333332,0.6621542083578575
0,Sol de Málaga,15.0,0.75,16.99,22.653333333333332,0.6621542083578575
0,Mallaskoski Kronos Rum Barrel Aged Barley Wine,14.0,0.33,6.98,21.151515151515152,0.66189111747851
0,The Tyrconnell Single Malt,43.0,0.7,45.50,65.0,0.6615384615384615
0,St. Bernardus Abt 12,10.0,0.33,4.99,15.121212121212121,0.6613226452905812
0,Gouden Carolus Christmas,10.0,0.33,4.99,15.121212121212121,0.6613226452905812
0,Wychwood King Goblin,6.6,0.5,4.99,9.98,0.661322645290581
0,Allesverloren Tinta Barocca 2016,14.0,0.75,15.88,21.173333333333336,0.6612090680100755
0,Radeberger Pilsner tölkki,4.8,0.5,3.63,7.26,0.6611570247933884
0,Tsingtao Premium Lager,4.7,0.64,4.55,7.109375,0.6610989010989011
0,Casal Garcia Rose,9.5,0.75,10.78,14.373333333333333,0.6609461966604824
0,Weihenstephaner Hefeweissbier Dunkel,5.3,0.5,4.01,8.02,0.6608478802992519
0,Sansilvestro Barbera Appassimento,14.0,0.75,15.89,21.186666666666667,0.6607929515418502
0,Sourz Apple,15.0,0.7,15.89,22.700000000000003,0.6607929515418501
0,Sourz Mango,15.0,0.7,15.89,22.700000000000003,0.6607929515418501
0,Penley Estate Phoenix Cabernet Sauvignon 2018,14.0,0.75,15.90,21.2,0.6603773584905661
0,Belhaven Scottish Stout,7.0,0.5,5.30,10.6,0.6603773584905661
0,Rossofuoco Barbera d'Asti Biologico 2021,14.0,0.75,15.90,21.2,0.6603773584905661
0,Dos Lusiadas Eleivera branco 2019,14.0,0.75,15.90,21.2,0.6603773584905661
0,Chit Chat Red 2017,14.0,0.75,15.90,21.2,0.6603773584905661
0,Altamente Monastrell 2018,14.0,0.75,15.90,21.2,0.6603773584905661
0,Gustave Lorentz L'ami des Crustacés Pinot Blanc 2022,12.5,0.75,14.20,18.933333333333334,0.6602112676056338
0,Hayman's Old Tom Gin,41.4,0.7,43.90,62.714285714285715,0.660136674259681
0,Medici Ermete i Quercioli Reggiano Lambrusco,11.0,0.75,12.50,16.666666666666668,0.6599999999999999
0,Crafter's Aromatic Flower Gin,44.3,0.7,46.99,67.12857142857143,0.6599276441796126
0,Quinta de Aves Tempranillo 2021,14.5,0.75,16.48,21.973333333333333,0.6598907766990292
0,Hamiltons Highland Single Malt,40.0,0.7,42.47,60.67142857142857,0.6592889098186956
0,Derzhava,38.0,0.5,28.82,57.64,0.659264399722415
0,Leth Simply Wow! 2022,13.0,0.75,14.79,19.72,0.6592292089249493
0,The Glenlivet Founder's Reserve Single Malt,40.0,0.7,42.48,60.68571428571428,0.6591337099811676
0,Nardini Mandorla,50.0,0.7,53.10,75.85714285714286,0.6591337099811676
0,Laplandia Aureus Cloudberry Vodka,40.0,0.7,42.50,60.714285714285715,0.6588235294117647
0,Drambuie,40.0,0.7,42.50,60.714285714285715,0.6588235294117647
0,Crafty Hedgehog Chardonnay 2021,13.0,0.75,14.80,19.733333333333334,0.6587837837837838
0,Lágrima de Vitalis Albarín 2020,13.5,0.75,15.37,20.493333333333332,0.658750813272609
0,Weiherer Rolator Doppelbock,8.8,0.5,6.68,13.36,0.658682634730539
0,Weihenstephaner Hefeweissbier,5.4,0.5,4.10,8.2,0.6585365853658538
0,Fuller's ESB Extra Special Bitter,5.9,0.5,4.48,8.96,0.6584821428571428
0,Hardys Brave New World Black Shiraz 2020,13.5,0.75,15.38,20.506666666666668,0.6583224967490247
0,Crafter's Wild Forest Gin,47.0,0.7,49.99,71.41428571428573,0.658131626325265
0,Bagordi Tempranillo Organic 2020,14.0,0.375,7.98,21.28,0.6578947368421052
0,Duckstein Weizen,5.3,0.5,4.03,8.06,0.6575682382133995
0,Manz Platónico Tinto 2017,13.5,0.75,15.40,20.533333333333335,0.6574675324675324
0,Shaman's Salmari,21.0,0.2,6.39,31.949999999999996,0.6572769953051644
0,Pálinkás Pince Szekszárdi Kadarka 2020,14.0,0.75,15.98,21.30666666666667,0.6570713391739674
0,Edetària Via Terra Negre 2020,14.0,0.75,15.98,21.30666666666667,0.6570713391739674
0,Sovibor Fazer as Onze 2018,14.0,0.75,15.98,21.30666666666667,0.6570713391739674
0,Hermanos Lurton Organic 2021,14.0,0.75,15.98,21.30666666666667,0.6570713391739674
0,Vol d'Anima de Raimat Tinto 2019,14.0,0.75,15.98,21.30666666666667,0.6570713391739674
0,Château Daviaud 2019,14.0,0.75,15.98,21.30666666666667,0.6570713391739674
0,The Scream 2020,14.0,0.75,15.98,21.30666666666667,0.6570713391739674
0,Viikate Tervaskanto,21.0,0.5,15.98,31.96,0.6570713391739674
0,Jean-Baptiste Adam Pinot Gris Réserve 2022,14.0,0.75,15.98,21.30666666666667,0.6570713391739674
0,Paxton Queen of the Hive Red Blend 2020,14.0,0.75,15.98,21.30666666666667,0.6570713391739674
0,Terrazas de los Andes Altos del Plata Chardonnay 2018,14.0,0.75,15.98,21.30666666666667,0.6570713391739674
0,Passo del Sud Appassimento 2022,14.0,0.75,15.98,21.30666666666667,0.6570713391739674
0,Masca Del Tacco Lu Rappaio Primitivo Di Manduria 2021,14.0,0.75,15.98,21.30666666666667,0.6570713391739674
0,Weinert Carrascal 2017,14.0,0.75,15.98,21.30666666666667,0.6570713391739674
0,Bonterra Organic Merlot 2018,14.0,0.75,15.98,21.30666666666667,0.6570713391739674
0,Leijona Mansikka-Raparperi Cocktail muu,7.0,1.5,15.98,10.653333333333334,0.6570713391739674
0,Barao de Vilar 2021,14.0,0.75,15.98,21.30666666666667,0.6570713391739674
0,Fontanafredda Barbera d'Alba 2021 lahjapakkaus,14.0,0.75,15.98,21.30666666666667,0.6570713391739674
0,Quercus Beli Pinot Pinot Bianco 2019,13.5,0.75,15.41,20.546666666666667,0.6570408825438028
0,Terra Occitana Cinsault Rose Magnum 2020,12.0,1.5,27.40,18.266666666666666,0.6569343065693432
0,Sumo Man Riesling 2022,10.5,0.75,11.99,15.986666666666666,0.6567973311092578
0,Lucky Lick Riesling 2022,10.5,0.75,11.99,15.986666666666666,0.6567973311092578
0,Pople Strawberry,15.0,0.7,15.99,22.842857142857145,0.6566604127579737
0,Harveys Bristol Cream Sherry,17.5,0.75,19.99,26.653333333333332,0.6565782891445723
0,Discarded Banana Peel,37.5,0.7,39.98,57.114285714285714,0.6565782891445723
0,B.io Nero d'Avola Cabernet Vino Biologico 2020,13.0,0.75,14.85,19.8,0.6565656565656566
0,B.io Catarratto Chardonnay Vino Biologico 2021,13.0,0.75,14.85,19.8,0.6565656565656566
0,Henry Westons Vintage Rosé,5.5,0.5,4.19,8.38,0.6563245823389021
0,Santa Tresa Cerasuolo di Vittoria 2020,14.0,0.75,16.00,21.333333333333332,0.65625
0,Santa Julia Malbec 2022,14.0,0.187,3.99,21.336898395721928,0.6561403508771929
0,Iniesta Finca El Carril Valeria 2019,13.0,0.75,14.86,19.813333333333333,0.6561238223418574
0,Fiskars x Marble Friskier Slabman Barley Wine tölkki,11.9,0.33,5.99,18.151515151515152,0.65559265442404
0,Lyrarakis Pirovolikes Vilana 2017,14.0,0.75,16.03,21.373333333333335,0.6550218340611353
0,Frescobaldi Castiglioni Chianti 2022,13.0,0.75,14.89,19.853333333333335,0.6548018804566823
0,Gentil 'Hugel' 2022,13.0,0.75,14.89,19.853333333333335,0.6548018804566823
0,Auramadre Nero di Troia Organic 2018,13.0,0.75,14.89,19.853333333333335,0.6548018804566823
0,Château Timberlay 2021,13.0,0.75,14.89,19.853333333333335,0.6548018804566823
0,135 East Hyögo Dry Gin,42.0,0.7,44.90,64.14285714285714,0.6547884187082406
0,Mallaskoski Hazy IPA tölkki,5.5,0.5,4.20,8.4,0.6547619047619048
0,Jean Biecher Organic Pinot Noir Rosé 2020,13.0,0.75,14.90,19.866666666666667,0.6543624161073825
0,Opihr Oriental Spiced London Dry Gin,42.5,0.7,45.47,64.95714285714286,0.6542775456344843
0,M. Chapoutier Belleruche Côtes-du-Rhône Blanc 2022,13.5,0.75,15.48,20.64,0.6540697674418604
0,Azul y Garanza Arena 2018,13.5,0.75,15.48,20.64,0.6540697674418604
0,Pfaffl Zweigelt vom HAUS 2022,13.5,0.75,15.48,20.64,0.6540697674418604
0,Mango Fango Chardonnay Organic 2022 muovipullo,13.0,0.25,4.97,19.88,0.653923541247485
0,11 Pinos White Wine tölkki,13.0,0.25,4.97,19.88,0.653923541247485
0,Lederer Pils,5.1,0.5,3.90,7.8,0.6538461538461539
0,Porta 6 Vinho Verde 2020,9.5,0.75,10.90,14.533333333333333,0.6536697247706422
0,Aviation American Gin,42.0,0.7,44.99,64.27142857142857,0.6534785507890642
0,Avondale Jonty's Ducks Pekin White 2020,13.5,0.75,15.50,20.666666666666668,0.6532258064516129
0,Torres Altos Ibericos Crianza 2018,13.5,0.75,15.50,20.666666666666668,0.6532258064516129
0,Bacalhôa Touriga Nacional 2018,13.5,0.75,15.50,20.666666666666668,0.6532258064516129
0,Segura Viudas Lavit Cava Brut Nature,12.0,0.75,13.78,18.37333333333333,0.6531204644412192
0,Tobia Graciano 2015,14.0,0.75,16.08,21.439999999999998,0.6529850746268657
0,Poli Bagno Maria Grappa Biologica,40.0,0.7,42.89,61.27142857142858,0.6528328281650734
0,Graham's Six Grapes Reserve Ruby Port,20.0,0.75,22.98,30.64,0.6527415143603134
0,Hans Igler Blaufränkisch Classic 2017,13.0,0.75,14.94,19.919999999999998,0.6526104417670683
0,Crazy Tropez Blanc 2021,13.0,0.75,14.94,19.919999999999998,0.6526104417670683
0,Aecht Schlenkerla Rauchbier Urbock,6.5,0.5,4.98,9.96,0.6526104417670682
0,Shepherd Neame 1698 Kentish Strong Ale,6.5,0.5,4.98,9.96,0.6526104417670682
0,St. Peter's Cream Stout,6.5,0.5,4.98,9.96,0.6526104417670682
0,Tre Secoli Asti Secco,11.5,0.75,13.22,17.62666666666667,0.6524205748865355
0,Seifried Grüner Veltliner 2021,12.5,0.75,14.37,19.16,0.6524008350730689
0,Goccia 3Q paperipullo,13.5,0.75,15.52,20.69333333333333,0.6523840206185567
0,Bunnahabhain Móine Single Malt,46.3,0.7,49.68,70.97142857142858,0.6523752012882447
0,Wongraven Alleanza Piemonte Rosso 2019,13.0,0.75,14.95,19.933333333333334,0.6521739130434783
0,Stift Klosterneuburg Grüner Veltliner 2022,12.0,0.75,13.80,18.400000000000002,0.6521739130434782
0,Cepas Viejas Merseguera 2019,12.0,0.75,13.80,18.400000000000002,0.6521739130434782
0,Carlshamns Flaggpunsch Original,26.0,0.2,7.98,39.9,0.6516290726817043
0,L'Olivier de Montrabech Blanc 2022,12.5,0.75,14.39,19.186666666666667,0.6514940931202223
0,L'Olivier de Montrabech Rosé 2022,12.5,0.75,14.39,19.186666666666667,0.6514940931202223
0,Monnet VS,40.0,0.35,21.49,61.4,0.6514657980456027
0,Martell VS,40.0,0.7,42.98,61.4,0.6514657980456027
0,Sartori L'Appassione 2015,13.0,0.75,14.97,19.96,0.6513026052104208
0,Dupuy VSOP,40.0,0.7,43.00,61.42857142857143,0.6511627906976744
0,Kappa Pisco,40.0,0.7,43.01,61.44285714285714,0.6510113926993722
0,Fattoria Di Pancole Vernaccia di San Gimignano 2018,14.0,0.75,16.13,21.506666666666664,0.6509609423434595
0,Freixenet Pinot Grigio 2021,11.5,0.75,13.25,17.666666666666668,0.6509433962264151
0,Hubert Beck Grande Réserve Pinot Gris 2021,13.0,0.75,14.98,19.973333333333333,0.6508678237650201
0,Tsantali Mavroudi Maronia 2019,13.0,0.75,14.98,19.973333333333333,0.6508678237650201
0,Quinta Vale d’Aldeia ZIP Branco 2021,13.0,0.75,14.98,19.973333333333333,0.6508678237650201
0,Torres Celeste Verdejo 2021,13.0,0.75,14.98,19.973333333333333,0.6508678237650201
0,Waimea Sauvignon Blanc 2021,13.0,0.75,14.98,19.973333333333333,0.6508678237650201
0,Artesano de Argento Organic White Malbec 2021,13.0,0.75,14.98,19.973333333333333,0.6508678237650201
0,Franck Massard Más Amor 2018,13.0,0.75,14.98,19.973333333333333,0.6508678237650201
0,Vicente Gandía Uva Pirata Petit Verdot 2016,13.0,0.75,14.98,19.973333333333333,0.6508678237650201
0,Dopff au Moulin Riesling Cuvée Europe 2022,13.0,0.75,14.98,19.973333333333333,0.6508678237650201
0,Ferraton La Tournée Rosé 2020,13.0,0.75,14.98,19.973333333333333,0.6508678237650201
0,Viu Manent Gran Reserva Cabernet Sauvignon 2017,13.0,0.75,14.98,19.973333333333333,0.6508678237650201
0,Petit Comité del Sió Organic White 2022,13.0,0.75,14.98,19.973333333333333,0.6508678237650201
0,Figula 3 2018,13.0,0.75,14.98,19.973333333333333,0.6508678237650201
0,Castellani Guadalmare Maremma Toscana 2020,13.0,0.75,14.98,19.973333333333333,0.6508678237650201
0,Pizzeria Via Tribunali,13.0,0.75,14.98,19.973333333333333,0.6508678237650201
0,Leo Martin Selección Mencía 2016,13.0,0.75,14.98,19.973333333333333,0.6508678237650201
0,19 Crimes The Uprising White,13.0,0.75,14.98,19.973333333333333,0.6508678237650201
0,La Poderosa Malbec 2022,13.0,0.75,14.98,19.973333333333333,0.6508678237650201
0,Masca Del Tacco L'uetta Fiano 2022,13.0,0.75,14.98,19.973333333333333,0.6508678237650201
0,Château de la Jaubertie 2022,13.0,0.75,14.98,19.973333333333333,0.6508678237650201
0,Georges Duboeuf Beaujolais-Villages 2020,13.0,0.75,14.98,19.973333333333333,0.6508678237650201
0,Cocci Grifoni Merlo Pecorino Organic Natural 2022,13.0,0.75,14.98,19.973333333333333,0.6508678237650201
0,Pfaff Pinot Gris 2022,13.0,0.75,14.98,19.973333333333333,0.6508678237650201
0,Antonutti Cabernet Franc 2021,13.0,0.75,14.98,19.973333333333333,0.6508678237650201
0,Lettre De Vendanges Grande Reserve 2020,13.0,0.75,14.98,19.973333333333333,0.6508678237650201
0,Jules Bernolin Beaujolais Supérieur 2020,13.0,0.75,14.98,19.973333333333333,0.6508678237650201
0,Heitlinger Pinot Noir 2020,13.0,0.75,14.98,19.973333333333333,0.6508678237650201
0,Solaris 2021,13.5,0.75,15.56,20.746666666666666,0.650706940874036
0,Seunalan Anna - Omenalikööri,20.0,0.5,15.37,30.74,0.6506180871828238
0,Bassanoshiro Bianco 2022,13.0,0.75,14.99,19.986666666666668,0.6504336224149433
0,Kings of Prohibition Chardonnay 2021,13.0,0.75,14.99,19.986666666666668,0.6504336224149433
0,Orsogna Lunaria Civitas Pecorino 2022,13.0,0.75,14.99,19.986666666666668,0.6504336224149433
0,Ca'Bolani Sauvignon Blanc 2022,13.0,0.75,14.99,19.986666666666668,0.6504336224149433
0,Frank Sant Thias Pinot Noir 2021,13.0,0.75,14.99,19.986666666666668,0.6504336224149433
0,Henry Bardouin Grand Cru Pastis,45.0,0.7,48.43,69.18571428571428,0.6504232913483379
0,Ballet Carte Noire Organic Brut,11.5,0.2,3.54,17.7,0.6497175141242938
0,Astoria La Robinia Prosecco Extra Dry,11.0,0.75,12.70,16.933333333333334,0.6496062992125984
0,Hofbräu Oktoberfestbier,6.3,0.5,4.85,9.7,0.6494845360824743
0,Julià & Navinès Organic Cava Semi Seco,11.5,0.75,13.28,17.706666666666667,0.6494728915662651
0,The Epicurean Blended Malt,46.2,0.7,49.80,71.14285714285714,0.6493975903614458
0,Kalevala Distilled Dry Gin,49.9,0.5,38.45,76.9,0.6488946684005201
0,Villa Marcialla Chianti Colli Fiorentini 2021,13.0,0.75,15.03,20.04,0.6487025948103793
0,Captain Morgan Tiki,25.0,0.7,26.98,38.542857142857144,0.6486286137879911
0,Telus Plavac Mali 2013,14.0,0.75,16.19,21.58666666666667,0.6485484867201976
0,Isele Bertram Grauer Burgunder Trocken 2020,14.0,0.75,16.19,21.58666666666667,0.6485484867201976
0,Passione Natura Elementi 2019,12.0,0.75,13.88,18.506666666666668,0.648414985590778
0,Weinkontor Westhofen Riesling & Rivaner 2022,9.5,0.75,10.99,14.653333333333334,0.6483166515013649
0,Burti La Rose Célébration Dolce,9.5,0.75,10.99,14.653333333333334,0.6483166515013649
0,Autenrieder Weizen,5.3,0.5,4.09,8.18,0.6479217603911981
0,Kerisac Cidre Breton,5.5,1.0,8.49,8.49,0.6478209658421672
0,Segura Viudas Organic Cava Brut,12.0,0.75,13.90,18.533333333333335,0.6474820143884892
0,Cellar 99 Riesling 2020,12.0,0.75,13.90,18.533333333333335,0.6474820143884892
0,Raimat El Moli Cabernet Sauvignon Syrah 2019,14.5,0.75,16.80,22.400000000000002,0.6473214285714285
0,Bolla La Canestraia Rosé Classico 2022,12.5,0.75,14.49,19.32,0.6469979296066253
0,Aranleón Sólo Cava Orgánico Brut,12.5,0.75,14.49,19.32,0.6469979296066253
0,Steininger Riesling 2022 lahjapakkaus,12.5,0.75,14.49,19.32,0.6469979296066253
0,Roberto Sarotto Gavi Virgilio 2022,12.5,0.75,14.49,19.32,0.6469979296066253
0,Wise Wolf Rosé 2021,12.5,0.75,14.49,19.32,0.6469979296066253
0,Black Tie by Pfaff 2022 lahjapakkaus,12.5,0.75,14.49,19.32,0.6469979296066253
0,Bergh Riesling Organic 2022,12.5,0.75,14.49,19.32,0.6469979296066253
0,Tbilvino Rkatsiteli 2021,12.5,0.75,14.49,19.32,0.6469979296066253
0,Kiwi Cuvée Bin 88 Sauvignon Blanc 2022,11.5,0.75,13.34,17.786666666666665,0.646551724137931
0,Licor 43 Cuarenta y Tres,31.0,0.5,23.99,47.98,0.646102542726136
0,Ca´del Sette Stranero 2017,12.0,0.75,13.93,18.573333333333334,0.6460875807609475
0,Ca´del Sette Bacca Del Merlo 2021,12.0,0.75,13.93,18.573333333333334,0.6460875807609475
0,Ronco Blanchis Friulano 2015,14.0,0.75,16.26,21.680000000000003,0.6457564575645756
0,Lahden Erikois New England Double IPA tölkki,7.8,0.33,3.99,12.090909090909092,0.6451127819548872
0,Blue Nun 24K Rosé Edition Dry,11.0,0.75,12.79,17.05333333333333,0.6450351837372948
0,Blue Nun Authentic White 2021,11.0,0.75,12.79,17.05333333333333,0.6450351837372948
0,Jack Daniel's Tennessee Apple,35.0,0.7,37.99,54.27142857142858,0.6449065543564095
0,Jack Daniel's Tennessee Honey,35.0,0.7,37.99,54.27142857142858,0.6449065543564095
0,De Alberto Ecológico Verdejo 2020,13.5,0.375,7.85,20.933333333333334,0.6449044585987261
0,Villa Cardea Aperitivo,11.0,0.7,11.94,17.057142857142857,0.644891122278057
0,Codorníu Clasico Rosé Cava Seco,12.0,0.375,6.98,18.613333333333333,0.6446991404011462
0,The Dublin Liberties Oak Devil 5 Year Old,46.0,0.7,49.98,71.4,0.6442577030812324
0,Smokey Joe Islay Blended Malt,46.0,0.7,49.98,71.4,0.6442577030812324
0,Smoky Scot Islay Single Malt,46.0,0.7,49.99,71.41428571428573,0.644128825765153
0,The Legendary Silkie Irish Whiskey,46.0,0.7,49.99,71.41428571428573,0.644128825765153
0,Señorio de Rubios Albariño 2022,13.0,0.75,15.14,20.186666666666667,0.6439894319682958
0,Peter Lehmann Layers Red 2021,14.5,0.75,16.89,22.52,0.6438721136767318
0,Louis Vallon Crémant de Bordeaux Rose Brut,12.0,0.75,13.98,18.64,0.6437768240343348
0,Nøgne Ø Imperial Stout,9.0,0.5,6.99,13.98,0.6437768240343348
0,Mossburn Speyside Blended Malt,46.0,0.7,50.05,71.5,0.6433566433566433
0,LYV Rosé,12.0,0.75,13.99,18.653333333333332,0.6433166547533953
0,Enzo Bartoli Cortese 2019,12.0,0.75,13.99,18.653333333333332,0.6433166547533953
0,Cuvée Celeste Crémant de Loire Blanc de Blancs Brut,12.0,0.75,13.99,18.653333333333332,0.6433166547533953
0,Mini-Ferien Organic Riesling by Huono Äiti 2022,12.0,0.75,13.99,18.653333333333332,0.6433166547533953
0,Corvers-Kauter R3 Rose Organic 2022,12.0,0.75,13.99,18.653333333333332,0.6433166547533953
0,Wolfberger Riesling 2022,12.0,0.75,13.99,18.653333333333332,0.6433166547533953
0,Freixenet Vintage Reserva Cava Brut Nature 2020,12.0,0.75,13.99,18.653333333333332,0.6433166547533953
0,Reh Kendermann Pinot Noir Vom Kalkstein 2017,12.0,0.75,13.99,18.653333333333332,0.6433166547533953
0,Krämer Straîght Sauvignon Blanc 2022,12.0,0.75,13.99,18.653333333333332,0.6433166547533953
0,Villa Antinori Bianco 2022,12.0,0.75,13.99,18.653333333333332,0.6433166547533953
0,Look 2019,12.0,0.75,13.99,18.653333333333332,0.6433166547533953
0,Deep Roots Riesling 2022,12.0,0.75,13.99,18.653333333333332,0.6433166547533953
0,Castillo de Madax Rosado 2022,12.0,0.75,13.99,18.653333333333332,0.6433166547533953
0,Smiley Chardonnay,12.0,0.75,13.99,18.653333333333332,0.6433166547533953
0,Rabl Zweigelt Rosé 2022,12.0,0.75,13.99,18.653333333333332,0.6433166547533953
0,Deep Roots Pink Riesling,12.0,0.75,13.99,18.653333333333332,0.6433166547533953
0,Jean-Marie Reverdy Sauvignon Blanc La Villaudière 2022,12.0,0.75,13.99,18.653333333333332,0.6433166547533953
0,Dreissigacker White 2018,12.0,0.75,13.99,18.653333333333332,0.6433166547533953
0,Julius Silvaner Westhofener Rotenstein Organic 2021,12.0,0.75,13.99,18.653333333333332,0.6433166547533953
0,19 Crimes Sauv Block 2020,12.0,0.75,13.99,18.653333333333332,0.6433166547533953
0,E. Guigal Côtes du Rhône 2020,15.0,0.75,17.49,23.319999999999997,0.6432246998284735
0,Don Santiago Pisco Mosto Verde Torontel,42.0,0.5,32.66,65.32,0.6429883649724434
0,Põhjala Pime ÖÖ,13.6,0.33,6.98,21.151515151515152,0.6429799426934097
0,Faustino VII Blanco,12.0,0.1875,3.50,18.666666666666668,0.6428571428571428
0,Menicucci La Vitto Bianco 2018,13.0,0.75,15.17,20.226666666666667,0.6427158866183257
0,Menicucci La Vitto Rosso 2018,13.0,0.75,15.17,20.226666666666667,0.6427158866183257
0,Pietra Susumaniello 2022,14.0,0.75,16.34,21.786666666666665,0.6425948592411261
0,Sierra Nevada Torpedo,7.2,0.355,3.98,11.211267605633804,0.6422110552763819
0,Shiraz by Bodega La Encina 2020,14.5,0.75,16.94,22.58666666666667,0.6419716646989373
0,Hardys Brave New World White 2017,13.0,0.75,15.19,20.253333333333334,0.6418696510862409
0,Mustilan Mansikkasnapsi,49.0,0.35,26.72,76.34285714285714,0.6418413173652695
0,Pizza Lovers Bianco,11.0,0.5,8.57,17.14,0.6417736289381564
0,Montrose Rosé 2021,12.5,0.75,14.61,19.48,0.6416837782340862
0,Las Rocas Garnacha 2019,14.5,0.75,16.95,22.599999999999998,0.6415929203539824
0,Marqués de Nombrevilla Unico 2019,14.5,0.75,16.95,22.599999999999998,0.6415929203539824
0,Original Long Drink Light tölkki,5.5,0.33,2.83,8.575757575757576,0.6413427561837456
0,Original Long Drink Light 6-pack tölkki,5.5,1.98,16.98,8.575757575757576,0.6413427561837456
0,Original Long Drink Cranberry tölkki,5.5,0.33,2.83,8.575757575757576,0.6413427561837456
0,Original Long Drink Cranberry 6-pack tölkki,5.5,1.98,16.98,8.575757575757576,0.6413427561837456
0,Original Long Drink Vodka Lime tölkki,5.5,0.33,2.83,8.575757575757576,0.6413427561837456
0,Original Long Drink Red Grapefruit tölkki,5.5,0.33,2.83,8.575757575757576,0.6413427561837456
0,Original Long Drink Red Grapefruit 6-pack tölkki,5.5,1.98,16.98,8.575757575757576,0.6413427561837456
0,Original Long Drink 12-pack tölkki,5.5,3.96,33.96,8.575757575757576,0.6413427561837456
0,Original Long Drink Vodka Lime 6-pack tölkki,5.5,1.98,16.98,8.575757575757576,0.6413427561837456
0,Original Long Drink 6-pack tölkki,5.5,1.98,16.98,8.575757575757576,0.6413427561837456
0,Talisker Storm Single Malt,45.8,0.7,49.99,71.41428571428573,0.6413282656531305
0,Mateus The Original Rosé,11.0,0.25,4.29,17.16,0.641025641025641
0,Original Long Drink Pineapple tölkki,5.5,0.5,4.29,8.58,0.641025641025641
0,Hacker Sangiovese 2019,13.5,0.75,15.80,21.066666666666666,0.6408227848101266
0,Château de Seguin 2019,13.5,0.75,15.80,21.066666666666666,0.6408227848101266
0,Arthur Metz Riesling 2022,12.0,0.75,14.05,18.733333333333334,0.6405693950177935
0,Peth-Wetz Bubbly 2022,12.5,0.75,14.64,19.52,0.6403688524590164
0,Kirsberry Cherry Speciality,14.8,0.7,16.18,23.114285714285714,0.6402966625463535
0,Arrocal 2021,14.0,0.375,8.20,21.866666666666664,0.6402439024390245
0,Masca del Tacco Susumaniello  2022,14.5,0.75,16.99,22.653333333333332,0.6400824014125956
0,Dit Celler Cabirol 2020,14.5,0.75,16.99,22.653333333333332,0.6400824014125956
0,Marqués de Valparaíso Roble 2016,14.5,0.75,16.99,22.653333333333332,0.6400824014125956
0,La Rioja Alta LAT 42 Reserva 2018,14.5,0.75,16.99,22.653333333333332,0.6400824014125956
0,Domaine Bousquet Reserve Organic Malbec 2021,14.5,0.75,16.99,22.653333333333332,0.6400824014125956
0,Chivite Legardeta Garnacha 2019,14.5,0.75,16.99,22.653333333333332,0.6400824014125956
0,Menguante Vidadillo Seleccion 2017,14.5,0.75,16.99,22.653333333333332,0.6400824014125956
0,Dos Lusíadas Eleivera Tinto 2018,14.5,0.75,16.99,22.653333333333332,0.6400824014125956
0,V8+ Sior Lele Rose Brut,11.0,0.75,12.89,17.186666666666667,0.6400310318076028
0,V8+ Bon Perfetto Cuvee Extra Dry,11.0,0.75,12.89,17.186666666666667,0.6400310318076028
0,Courvoisier VS,40.0,0.7,43.75,62.50000000000001,0.6399999999999999
0,Wieninger Weissbier Bock,7.0,0.5,5.47,10.94,0.6398537477148081
0,Vilarnau Organic Cava Brut Reserva,11.5,0.75,13.48,17.973333333333333,0.6398367952522256
0,Jaume Serra Cava Brut Nature Reserva 2018,11.5,0.75,13.48,17.973333333333333,0.6398367952522256
0,The FoxTale Pink Gin,37.5,0.7,41.03,58.61428571428572,0.6397757738240312
0,Malibu Strawberry,21.0,0.7,22.98,32.82857142857143,0.639686684073107
0,Tosti Asti Secco,11.0,0.75,12.90,17.2,0.6395348837209303
0,Cava Mar Salada Brut Nature,11.5,0.75,13.49,17.986666666666668,0.6393624907338769
0,Erlenbacher Kayberg Riesling 2022,11.5,0.75,13.49,17.986666666666668,0.6393624907338769
0,Rabl Grüner Veltliner Löss 2021,11.5,0.75,13.49,17.986666666666668,0.6393624907338769
0,Les Fumées Blanches Organic Sauvignon Blanc 2020,11.5,0.75,13.49,17.986666666666668,0.6393624907338769
0,Dignitat Organic Cava Brut,11.5,0.75,13.49,17.986666666666668,0.6393624907338769
0,Villa Degli Olmi Pinot Grigio 2022,11.5,0.75,13.49,17.986666666666668,0.6393624907338769
0,Viva Valentina Organic Riesling 2022 hanapakkaus,11.5,1.5,26.98,17.986666666666668,0.6393624907338769
0,Perelada Stars Cava Brut Reserva  2021,11.5,0.75,13.49,17.986666666666668,0.6393624907338769
0,To Øl #DIPA tölkki,8.7,0.44,5.99,13.613636363636363,0.6390651085141903
0,Le Petit Gascoûn Blanc 2020,11.5,0.75,13.50,18.0,0.6388888888888888
0,Akut Riesling Feinherb 2021,11.5,0.75,13.50,18.0,0.6388888888888888
0,Carlo Rossi California Rosé,8.5,0.75,9.98,13.306666666666667,0.6387775551102205
0,Freixenet Mia Sangria Classic Royal,8.5,0.75,9.98,13.306666666666667,0.6387775551102205
0,McGuigan Moscato Rose 2022,8.5,0.75,9.98,13.306666666666667,0.6387775551102205
0,50° Riesling Trocken 2021,12.0,0.75,14.09,18.786666666666665,0.63875088715401
0,Luxardo Limoncello,27.0,0.5,21.14,42.28,0.6385998107852412
0,Ciao Secco tölkki,10.5,0.2,3.29,16.45,0.6382978723404256
0,Olmeca Altos Plata Tequila,38.0,0.7,41.68,59.542857142857144,0.6381957773512476
0,Små Rode Rasberry Liquorice,16.4,0.7,17.99,25.7,0.6381322957198443
0,Små Sure Twisted Sour Fruit,16.4,0.7,17.99,25.7,0.6381322957198443
0,Friels Vintage Cider 2022,7.4,0.5,5.80,11.6,0.6379310344827587
0,Abavas Apple Cider Medium,7.5,0.33,3.88,11.757575757575756,0.6378865979381444
0,Soerlie VSOP Reserve,40.0,0.7,43.90,62.714285714285715,0.6378132118451025
0,Pezat Blanc 2021,13.0,0.75,15.29,20.386666666666667,0.6376716808371484
0,Donna Carmen Limoncello,20.0,0.35,10.99,31.400000000000002,0.6369426751592356
0,Johnnie Walker Black Label 12 Year Old,40.0,0.7,43.97,62.81428571428572,0.6367978166931999
0,Zanatta Salana 2020,13.5,0.75,15.90,21.2,0.6367924528301887
0,Ogier Côtes du Rhône Artesis Blanc 2022,13.5,0.75,15.90,21.2,0.6367924528301887
0,Château Ksara Sunset Rosé 2021,13.5,0.75,15.90,21.2,0.6367924528301887
0,Vinea Crianza Tempranillo 2016,14.0,0.75,16.49,21.986666666666665,0.6367495451788964
0,Paul Jaboulet Aîné Parallèle 45 Côtes-du-Rhône Rouge 2021,14.0,0.75,16.49,21.986666666666665,0.6367495451788964
0,Tarapacá Gran Reserva Organic Red Blend 2018,14.0,0.75,16.49,21.986666666666665,0.6367495451788964
0,Jameson Cold Brew,30.0,0.7,32.99,47.12857142857143,0.6365565322825097
0,Monopol VSOP,40.0,0.7,43.99,62.84285714285715,0.6365082973403046
0,Jameson Black Barrel,40.0,0.7,43.99,62.84285714285715,0.6365082973403046
0,The Demons Share 6 Years Old,40.0,0.7,43.99,62.84285714285715,0.6365082973403046
0,Naked Malt,40.0,0.7,43.99,62.84285714285715,0.6365082973403046
0,Bushmills Black Bush,40.0,0.7,43.99,62.84285714285715,0.6365082973403046
0,Kainuulainen Kuutamopontikka,41.0,0.35,22.55,64.42857142857143,0.6363636363636364
0,Sangiovese di Toscana 2020,14.5,0.75,17.10,22.8,0.6359649122807017
0,Casa di Malia Organic Prosecco Frizzante,11.0,0.75,12.98,17.30666666666667,0.635593220338983
0,Leva Organic Riesling Müller-Thurgau 2021,11.0,0.75,12.98,17.30666666666667,0.635593220338983
0,Freixenet Italian Rosé Sparkling Extra Dry,11.0,0.75,12.98,17.30666666666667,0.635593220338983
0,Exhib Muscat 2019,11.0,0.75,12.98,17.30666666666667,0.635593220338983
0,Baron de Ley Semi Dulce 2022,11.0,0.75,12.98,17.30666666666667,0.635593220338983
0,Glöet White Sparkling Glögg,11.0,0.75,12.98,17.30666666666667,0.635593220338983
0,Glöet Red Sparkling Glögg,11.0,0.75,12.98,17.30666666666667,0.635593220338983
0,Most Wanted Regions Riesling 2022,11.0,0.75,12.98,17.30666666666667,0.635593220338983
0,Pizzolato Organic Prosecco Rose Brut 2022,11.0,0.75,12.98,17.30666666666667,0.635593220338983
0,Divici Organic Prosecco Extra Dry,11.0,0.75,12.98,17.30666666666667,0.635593220338983
0,Calvet d'Anjou Rosé 2018,11.0,0.75,12.98,17.30666666666667,0.635593220338983
0,Castelmondo Prosecco Rosé Brut 2020,11.0,0.75,12.98,17.30666666666667,0.635593220338983
0,Fetzer Gewürztraminer 2021,11.0,0.75,12.98,17.30666666666667,0.635593220338983
0,Fiorissimo Prosecco Rosé Extra Dry 2021,11.0,0.75,12.98,17.30666666666667,0.635593220338983
0,Deep Roots Rivaner Organic 2022,11.0,0.75,12.98,17.30666666666667,0.635593220338983
0,Libalis Semidulce 2022,11.0,0.75,12.98,17.30666666666667,0.635593220338983
0,Valdo Garda Brut,11.0,0.75,12.98,17.30666666666667,0.635593220338983
0,Dr. Pauly-Bergweiler Riesling Trocken 2022,11.0,0.75,12.98,17.30666666666667,0.635593220338983
0,La Pierre Levée Malbec Rosé 2021,12.5,0.75,14.75,19.666666666666668,0.635593220338983
0,Tosti Prosecco Extra Dry,11.0,0.75,12.98,17.30666666666667,0.635593220338983
0,Loimer Cruz Rosé 2020,11.0,0.75,12.98,17.30666666666667,0.635593220338983
0,The FoxTale Citrus Gin,37.5,0.7,41.34,59.057142857142864,0.6349782293178519
0,Krombacher Pils,4.8,0.5,3.78,7.56,0.6349206349206349
0,Proclamation,40.7,0.7,44.89,64.12857142857143,0.6346625083537536
0,Perelada Stars Touch of Rose Cava Brut 2021,11.5,0.75,13.59,18.12,0.6346578366445915
0,Cune Rosado 2021,13.5,0.375,7.98,21.28,0.6343984962406015
0,Åland Distillery Gin,43.3,0.5,34.13,68.26,0.6343392909463814
0,Vicarage Lane Canterbury Riesling 2022,12.5,0.75,14.79,19.72,0.6338742393509128
0,Campestral Claret 2020,12.5,0.75,14.79,19.72,0.6338742393509128
0,Moselland Goldschild Riesling Trocken 2020,12.0,0.75,14.20,18.933333333333334,0.6338028169014085
0,Yes Yes Yes Barbera d'Asti 2017,13.5,0.75,15.98,21.30666666666667,0.63360450563204
0,Kings of Prohibition Shiraz,13.5,0.75,15.98,21.30666666666667,0.63360450563204
0,Château Haut-Monplaisir 2021,13.5,0.75,15.98,21.30666666666667,0.63360450563204
0,Bonterra Organic Chardonnay 2018,13.5,0.75,15.98,21.30666666666667,0.63360450563204
0,Viña Real Crianza 2019,13.5,0.75,15.98,21.30666666666667,0.63360450563204
0,Snabba Cash by Jens Lapidus Barbera d'Asti 2019,13.5,0.75,15.98,21.30666666666667,0.63360450563204
0,Dezzani Langhe Nebbiolo 2021,13.5,0.75,15.98,21.30666666666667,0.63360450563204
0,Sovibor Borba Tinto 2020,13.5,0.375,7.99,21.30666666666667,0.63360450563204
0,Carm 2021,13.5,0.75,15.98,21.30666666666667,0.63360450563204
0,Terrazas de los Andes Altos del Plata Malbec 2017,13.5,0.75,15.98,21.30666666666667,0.63360450563204
0,Casanova Treixadura,13.5,0.75,15.98,21.30666666666667,0.63360450563204
0,Cune Organic 2020,13.5,0.75,15.98,21.30666666666667,0.63360450563204
0,Quinta de Aves Sauvignon Blanc Moscatel G.M. 2020,13.5,0.75,15.98,21.30666666666667,0.63360450563204
0,Zuccardi Los Olivos Semillon Torrontes 2019,13.5,0.75,15.98,21.30666666666667,0.63360450563204
0,Lynx Petite Sirah Zinfandel 2021,13.5,0.375,7.99,21.30666666666667,0.63360450563204
0,Yes Yes Yes Langhe Favorita 2017,13.5,0.75,15.98,21.30666666666667,0.63360450563204
0,Zenato Alanera Rosso Veronese 2019,13.5,0.75,15.98,21.30666666666667,0.63360450563204
0,Cono Sur Gran Reserva Organic Cabernet Sauvignon 2019,13.5,0.75,15.98,21.30666666666667,0.63360450563204
0,Serra Lupini Roero Arneis 2022,13.5,0.75,15.98,21.30666666666667,0.63360450563204
0,Engelhard Römerberg Riesling Spätlese Trocken 2022,11.5,0.75,13.62,18.16,0.6332599118942731
0,Pirkka Roero Arneis 2021,13.5,0.75,15.99,21.32,0.6332082551594747
0,Hewitson Miss Harry 2022,13.5,0.75,15.99,21.32,0.6332082551594747
0,Ragtime Rye,45.2,0.7,49.98,71.4,0.6330532212885154
0,Morena Vino Bianco,12.0,0.75,14.22,18.96,0.6329113924050632
0,Pinot Grigio St. Magdalena 2022,13.5,0.75,16.00,21.333333333333332,0.6328125
0,Fantini Calalenta Merlot Rosato 2021,13.5,0.75,16.00,21.333333333333332,0.6328125
0,Saragat Monica di Sardegna 2021,13.5,0.75,16.00,21.333333333333332,0.6328125
0,Ron Aldea Single Cane Vintage Rhum 2019,43.0,0.7,47.57,67.95714285714286,0.6327517342863149
0,Beefsteak Club The Mini Malbec 2022,13.5,0.187,3.99,21.336898395721928,0.6327067669172931
0,Mallaskoski Oidipus Bourbon Barrel Aged Imperial Rye Stout,13.4,0.33,6.99,21.18181818181818,0.6326180257510731
0,Riunite Il Fojonco Lambrusco,8.0,0.75,9.49,12.653333333333334,0.6322444678609062
0,Menicucci Appassimento Rosso 2017,16.0,0.75,18.99,25.319999999999997,0.6319115323854662
0,Château Morillon 2020,13.0,0.75,15.43,20.573333333333334,0.6318859364873622
0,Mallaskoski Harvest Lager tölkki,5.9,0.5,4.67,9.34,0.6316916488222698
0,Karmeliten Kloster Urtyp,4.9,0.5,3.88,7.76,0.6314432989690723
0,Weihenstephaner Pils,5.1,0.5,4.04,8.08,0.6311881188118812
0,Weihenstephaner Original Helles,5.1,0.5,4.04,8.08,0.6311881188118812
0,Val-Dieu Grand Cru,10.5,0.33,5.49,16.636363636363637,0.6311475409836066
0,Mallaskoski India Pale Ale tölkki,5.2,0.5,4.12,8.24,0.6310679611650486
0,Knob Creek Small Batch Bourbon,50.0,0.7,55.49,79.27142857142857,0.630744278248333
0,Lepaan Packalén,12.0,0.75,14.27,19.026666666666667,0.6306937631394534
0,Bree White Riesling 2022,10.5,0.75,12.49,16.653333333333332,0.6305044035228183
0,Poli Elisir Limone,27.0,0.7,29.98,42.82857142857143,0.6304202801867912
0,Karhu III tynnyri,4.6,30.0,218.95,7.298333333333333,0.6302808860470427
0,Torres Viña Sol 2022,12.0,0.1875,3.57,19.04,0.6302521008403361
0,Four Roses Small Batch,45.0,0.7,49.98,71.4,0.6302521008403361
0,Coteaux & Cimes Gamay 2021,12.5,0.75,14.88,19.84,0.6300403225806451
0,Destalo Vinho Verde Red,10.5,0.75,12.50,16.666666666666668,0.63
0,Destalo Vinho Verde White,10.5,0.75,12.50,16.666666666666668,0.63
0,Destalo Vinho Verde Rosé,10.5,0.75,12.50,16.666666666666668,0.63
0,Ron Tabú Ronmiel,23.0,0.7,25.56,36.51428571428571,0.6298904538341158
0,Leyda Garuma Sauvignon Blanc 2022,13.0,0.75,15.48,20.64,0.6298449612403101
0,Pfaffl Rose Hasen 2022,13.0,0.75,15.48,20.64,0.6298449612403101
0,Pasqua PassioneSentimento Bianco 2021,13.0,0.75,15.48,20.64,0.6298449612403101
0,Museum Rosé 2022,13.0,0.75,15.48,20.64,0.6298449612403101
0,Tbilvino Saperavi 2021,13.0,0.75,15.48,20.64,0.6298449612403101
0,Weltenburger Kloster Pils,4.9,0.5,3.89,7.78,0.6298200514138818
0,Schneider Weisse Lovebeer,4.9,0.5,3.89,7.78,0.6298200514138818
0,Lingoncello lahjapakkaus,25.0,0.5,19.85,39.7,0.6297229219143576
0,Merry's Irish Cream,17.0,0.7,18.90,27.0,0.6296296296296297
0,Björklund Grüner Veltliner 2022,12.5,0.75,14.89,19.853333333333335,0.6296171927468098
0,Kaiken Rosé Brut,12.5,0.75,14.89,19.853333333333335,0.6296171927468098
0,Tommasi Le Prunée Merlot 2016,12.5,0.75,14.89,19.853333333333335,0.6296171927468098
0,Wieninger Grüner Karte Grüner Veltliner Organic 2019,12.5,0.75,14.89,19.853333333333335,0.6296171927468098
0,Cono Sur Sparkling Brut,12.5,0.75,14.89,19.853333333333335,0.6296171927468098
0,Braastad VSOP,40.0,0.7,44.49,63.557142857142864,0.6293549112160035
0,Monkey Shoulder Blended Malt,40.0,0.7,44.50,63.57142857142858,0.6292134831460674
0,Dama Juana Pipeño País 2022,12.5,0.75,14.90,19.866666666666667,0.6291946308724832
0,Maxime Trijol VSOP,40.0,0.5,31.79,63.58,0.6291286568103177
0,Into the Woods GSM 2021,13.0,0.75,15.50,20.666666666666668,0.6290322580645161
0,Pierre Sparr Pinot Gris Grande Réserve 2021,13.0,0.75,15.50,20.666666666666668,0.6290322580645161
0,Malmio Mint Chocolate muovipullo,17.0,0.35,9.46,27.028571428571432,0.6289640591966172
0,Original Long Drink,5.5,0.33,2.89,8.757575757575758,0.6280276816608996
0,Original Long drink 6-pack pullo,5.5,1.98,17.34,8.757575757575758,0.6280276816608996
0,Original Long Drink Cranberry,5.5,0.33,2.89,8.757575757575758,0.6280276816608996
0,Francesco Intorcia Heritage Zibibbo Vino Liquoroso,16.0,0.5,12.74,25.48,0.6279434850863422
0,Fattoria di Pancole Chianti Colli Senesi 2016,13.5,0.75,16.13,21.506666666666664,0.6277123372597645
0,Sefa Wine Chardonnay 2019,13.5,0.75,16.13,21.506666666666664,0.6277123372597645
0,Menicucci Trecciaia Nero d'Avola 2016,13.5,0.75,16.13,21.506666666666664,0.6277123372597645
0,Andechs Spezial Hell,5.9,0.5,4.70,9.4,0.6276595744680851
0,Marshall London Dry Gin,43.0,0.7,47.99,68.55714285714286,0.6272140029172744
0,Pirkka Rosè 2020,12.5,0.75,14.96,19.94666666666667,0.6266711229946523
0,Original Long Drink Gin & Orange tölkki,5.5,0.5,4.39,8.78,0.6264236902050114
0,Andechs Weissbier Hell,5.5,0.5,4.39,8.78,0.6264236902050114
0,Original Long Drink tölkki,5.5,0.5,4.39,8.78,0.6264236902050114
0,Original Long Drink Gin & Lemon 5,5.5,0.5,4.39,8.78,0.6264236902050114
0,Cream Heroes Lupita Pasión,17.0,0.7,19.00,27.142857142857146,0.6263157894736842
0,Cream Heroes Capitan Freson,17.0,0.7,19.00,27.142857142857146,0.6263157894736842
0,Mustan Virran Tott Double IPA,8.5,0.33,4.48,13.575757575757576,0.6261160714285714
0,Pople Peach Party muovipullo,15.0,0.5,11.98,23.96,0.6260434056761268
0,Kettu Pihlajanmarjalikööri muovipullo,15.0,0.5,11.98,23.96,0.6260434056761268
0,Taylor's Late Bottled Vintage Port 2016,20.0,0.375,11.98,31.94666666666667,0.6260434056761268
0,Pople Orange Mango muovipullo,15.0,0.5,11.98,23.96,0.6260434056761268
0,Koskenkorva Rhubarb Pomegranate muovipullo,15.0,0.5,11.98,23.96,0.6260434056761268
0,Casa Maria Organico Cava Semi Seco,11.5,0.375,6.89,18.37333333333333,0.6259071117561684
0,Agathon Mount Athos White 2020,12.5,0.75,14.98,19.973333333333333,0.6258344459279039
0,Giesen Pinot Noir 2018,12.5,0.75,14.98,19.973333333333333,0.6258344459279039
0,Bestheim Crémant Rosé Brut,12.5,0.75,14.98,19.973333333333333,0.6258344459279039
0,Wolfberger Pinot Noir 2021,12.5,0.75,14.98,19.973333333333333,0.6258344459279039
0,Pratsch Grüner Veltliner 2022,12.5,0.75,14.98,19.973333333333333,0.6258344459279039
0,Pfaff Riesling 2020,12.5,0.75,14.98,19.973333333333333,0.6258344459279039
0,Georges Duboeuf Beaujolais Rosé 2019,12.5,0.75,14.98,19.973333333333333,0.6258344459279039
0,That's Neiss Pinot Noir Rosé Trocken 2021,12.5,0.75,14.98,19.973333333333333,0.6258344459279039
0,Azul y Garanza Vitis 2021,12.5,0.75,14.98,19.973333333333333,0.6258344459279039
0,Umano Kisi 2020,12.5,0.75,14.98,19.973333333333333,0.6258344459279039
0,Angelo Negro Cescu Dolcetto d'Alba 2021,12.5,0.75,14.98,19.973333333333333,0.6258344459279039
0,Kylie Minogue Rose 2021,12.5,0.75,14.98,19.973333333333333,0.6258344459279039
0,Luzón Colección Blanco 2022,12.5,0.75,14.98,19.973333333333333,0.6258344459279039
0,Corvers Kauter R3 Riesling Reserve Organic 2022,12.5,0.75,14.98,19.973333333333333,0.6258344459279039
0,Vinícola de Nulles Parabòlic Tinto 2022,12.5,0.75,14.98,19.973333333333333,0.6258344459279039
0,Domaine Zinck Riesling Prestige Organic 2022,12.5,0.75,14.98,19.973333333333333,0.6258344459279039
0,Collavini Villa Canlungo Pinot Grigio 2022,12.5,0.75,14.98,19.973333333333333,0.6258344459279039
0,Zaccagnini Montepulciano d'Abruzzo 2021 lahjapakkaus,12.5,0.75,14.98,19.973333333333333,0.6258344459279039
0,Vento'z Vinho Verde Rosé 2022,12.5,0.75,14.98,19.973333333333333,0.6258344459279039
0,Ferraton La Tournee White 2018,12.5,0.75,14.98,19.973333333333333,0.6258344459279039
0,Southern Ocean Sauvignon Blanc  2022,12.5,0.75,14.98,19.973333333333333,0.6258344459279039
0,Annabel de Château Puybarbe Rosé 2021,12.5,0.75,14.98,19.973333333333333,0.6258344459279039
0,Wakefield Riesling 2021,12.5,0.75,14.98,19.973333333333333,0.6258344459279039
0,Cono Sur Single Vineyard Block 5 Chardonnay 2021,12.5,0.75,14.98,19.973333333333333,0.6258344459279039
0,Hacienda Lopez de Haro Viura 2018,12.5,0.75,14.98,19.973333333333333,0.6258344459279039
0,Trapiche Costa y Pampa Pinot Grigio 2020,12.5,0.75,14.98,19.973333333333333,0.6258344459279039
0,The Storyteller Cabernet Sauvignon Organic 2018,12.5,0.75,14.98,19.973333333333333,0.6258344459279039
0,De Kuyper Apricot Brandy,20.0,0.5,15.98,31.96,0.6257822277847309
0,De Kuyper Blue Curacao,20.0,0.5,15.98,31.96,0.6257822277847309
0,De Kuyper Crème de Cacao Brown,20.0,0.5,15.98,31.96,0.6257822277847309
0,Manifesto Zinfandel Lodi  2018,14.0,0.75,16.78,22.373333333333335,0.6257449344457687
0,Campo Viejo Reserva 2017 lahjapakkaus,14.0,0.75,16.78,22.373333333333335,0.6257449344457687
0,Estrella de Murviedro Frizzante,7.5,0.75,8.99,11.986666666666666,0.6256952169076752
0,Estrella Mojito,7.5,0.75,8.99,11.986666666666666,0.6256952169076752
0,Heréncia Altés l'Estel 2020,15.0,0.75,17.98,23.973333333333333,0.6256952169076752
0,San Gregorio La Garnacha Olvidada de Aragón 2020,15.0,0.75,17.98,23.973333333333333,0.6256952169076752
0,Rye River Dam Buster Double IPA,8.0,0.33,4.22,12.787878787878787,0.6255924170616114
0,Pople Blueberry muovipullo,15.0,0.5,11.99,23.98,0.6255212677231026
0,Graham's Late Bottled Vintage Port 2018,20.0,0.75,23.98,31.973333333333333,0.6255212677231026
0,La Trappe Quadrupel,10.0,0.75,11.99,15.986666666666666,0.6255212677231026
0,Kuronen Riesling 2022,10.0,0.75,11.99,15.986666666666666,0.6255212677231026
0,Brejeiro Vinho Rosé,10.0,0.75,11.99,15.986666666666666,0.6255212677231026
0,Pople Citrus Mango muovipullo,15.0,0.5,11.99,23.98,0.6255212677231026
0,Pople Strawberry muovipullo,15.0,0.5,11.99,23.98,0.6255212677231026
0,Tahbilk Marsanne Viognier Roussanne 2022,12.5,0.75,14.99,19.986666666666668,0.6254169446297532
0,Bürklin-Wolf Villa Bürklin Cuvée Rot 2017,12.5,0.75,14.99,19.986666666666668,0.6254169446297532
0,Le Ballon Blanc 2020,12.5,0.75,14.99,19.986666666666668,0.6254169446297532
0,Sebastian Erbeldinger Riesling 2022,12.5,0.75,14.99,19.986666666666668,0.6254169446297532
0,Calvet Murmure de Rose 2020,12.5,0.75,14.99,19.986666666666668,0.6254169446297532
0,Veronese Beatrice Seta Pinot Grigio Della Venezie 2022,12.5,0.75,14.99,19.986666666666668,0.6254169446297532
0,Jean Medeville & Fils Pur Sauvignon,12.5,0.75,14.99,19.986666666666668,0.6254169446297532
0,Casa Bollen Sauvignon Blanc Reserva 2021,12.5,0.75,14.99,19.986666666666668,0.6254169446297532
0,The Pawn Wine Co El Desperado Rosé 2020,12.5,0.75,14.99,19.986666666666668,0.6254169446297532
0,Frank Sant Thias Riesling 2021,12.5,0.75,14.99,19.986666666666668,0.6254169446297532
0,Jack Daniel's Bonded,50.0,0.7,55.98,79.97142857142858,0.6252232940335833
0,Barefoot Pinot Grigio,12.0,0.187,3.59,19.197860962566843,0.6250696378830084
0,Osborne Manzanilla Sherry,15.0,0.375,9.00,24.0,0.625
0,Karmeliten Kloster Gold,5.1,0.5,4.08,8.16,0.625
0,København Klassisk Gin,46.0,0.5,36.80,73.6,0.625
0,St. Feuillien Triple,8.5,0.33,4.49,13.606060606060606,0.6247216035634744
0,Ägräs Akvavit,43.7,0.5,34.99,69.98,0.624464132609317
0,Ägräs Gin,43.7,0.5,34.99,69.98,0.624464132609317
0,Domaine des Pasquiers Sablet 2020,14.5,0.75,17.42,23.22666666666667,0.6242824339839265
0,Kura no Machi Tokubetsu Junmai Ginjo Sake,14.5,0.3,6.97,23.233333333333334,0.6241032998565279
0,Somersby Apple Cider tölkki,4.5,0.33,2.38,7.212121212121211,0.6239495798319329
0,Hell Or High Water Rum Reserva,40.0,0.7,44.90,64.14285714285714,0.623608017817372
0,Quinta de Ventozelo Viosinho 2019,13.5,0.75,16.24,21.653333333333332,0.623460591133005
0,Finlandia Sahti Strong muovipullo,10.0,0.75,12.03,16.04,0.6234413965087282
0,Bareksten Botanical Gin,46.0,0.5,36.90,73.8,0.6233062330623307
0,Alahovin Riistamusta Viinimarjaviini,13.0,0.75,15.65,20.866666666666667,0.6230031948881789
0,Bacardi Gran Reserva Diez,40.0,0.7,44.96,64.22857142857143,0.6227758007117438
0,Espolon Blanco Tequila,40.0,0.7,44.96,64.22857142857143,0.6227758007117438
0,La Ribaude Fine Biologique Artisanal Calvados,40.0,0.7,44.98,64.25714285714285,0.6224988883948422
0,Gautier VSOP,40.0,0.7,44.98,64.25714285714285,0.6224988883948422
0,Cles Des Ducs VSOP Armagnac,40.0,0.7,44.98,64.25714285714285,0.6224988883948422
0,Bumbu lahjapakkaus,40.0,0.7,44.99,64.27142857142857,0.6223605245610135
0,Glentauchers 15 Year Old Single Malt,40.0,0.7,44.99,64.27142857142857,0.6223605245610135
0,Canerock,40.0,0.7,44.99,64.27142857142857,0.6223605245610135
0,Glenmorangie X Single Malt,40.0,0.7,44.99,64.27142857142857,0.6223605245610135
0,Motörhead Premium Dark Rum,40.0,0.7,44.99,64.27142857142857,0.6223605245610135
0,Norske Brenneri Oslo Gin,45.8,0.5,36.80,73.6,0.6222826086956522
0,Leroy Poperings Hommelbier,7.5,0.33,3.98,12.06060606060606,0.6218592964824121
0,Francois Arnaud Coeur de Terroir Côtes du Rhône 2020,14.5,0.75,17.49,23.319999999999997,0.6217838765008578
0,El Esteco Fair Trade Malbec 2021,14.5,0.75,17.49,23.319999999999997,0.6217838765008578
0,Norton Privada 2021 lahjapakkaus,14.5,0.75,17.49,23.319999999999997,0.6217838765008578
0,Amador Medrano Terra 2019,14.5,0.75,17.49,23.319999999999997,0.6217838765008578
0,Satokausi Douro Red 2019,14.0,0.75,16.89,22.52,0.6216696269982238
0,Domaine de Verlaque 2020,14.0,0.75,16.89,22.52,0.6216696269982238
0,Waldschütz Tradition Grüner Veltliner 2022,12.0,0.75,14.48,19.30666666666667,0.6215469613259668
0,Spier Seaward Chenin Blanc 2020,14.5,0.75,17.50,23.333333333333332,0.6214285714285714
0,That´s Neiss Tinto Réserve 2018,13.0,0.75,15.69,20.919999999999998,0.621414913957935
0,Schneider Weisse Tap 4 Festweisse,6.2,0.5,4.99,9.98,0.6212424849699398
0,Fragància de Marta 2022,12.0,0.75,14.49,19.32,0.6211180124223602
0,Bernard-Massard Premium Dry,12.0,0.75,14.49,19.32,0.6211180124223602
0,Lyv Rosé Magnum 2022,12.0,1.5,28.98,19.32,0.6211180124223602
0,19 Crimes Sparkling White Brut,12.0,0.75,14.49,19.32,0.6211180124223602
0,Anais Xarel-lo Organic 2022,12.0,0.75,14.49,19.32,0.6211180124223602
0,Rongopai Sauvignon Blanc 2022,12.0,0.75,14.49,19.32,0.6211180124223602
0,Leth Zweigelt Rosé 2022,12.0,0.75,14.49,19.32,0.6211180124223602
0,Bergslagens Organic Gin,45.7,0.5,36.80,73.6,0.6209239130434784
0,Original Long Drink White Label Gin & Orange tölkki,5.5,0.5,4.43,8.86,0.6207674943566592
0,La Marinière Muscadet Sèvre et Maine sur Lie 2021,12.0,0.75,14.50,19.333333333333332,0.6206896551724138
0,Maisel's Weisse Original,5.2,0.5,4.19,8.38,0.6205250596658711
0,Collavini Il Manzoni Brut,11.5,0.75,13.90,18.533333333333335,0.6205035971223021
0,Suomen Jääkiekkoleijonien Kuohuviini Organic Cava Brut,11.5,0.75,13.90,18.533333333333335,0.6205035971223021
0,Rigal Original Gros Manseng Vin Orange 2021,11.5,0.75,13.90,18.533333333333335,0.6205035971223021
0,Pirkka Organic Riesling 2022,11.5,0.75,13.90,18.533333333333335,0.6205035971223021
0,Reviseur Rare VSOP,40.0,1.0,64.50,64.5,0.6201550387596899
0,Aveleda Fonte Vinho Verde 2022,9.5,0.75,11.49,15.32,0.6201044386422976
0,Jacob's Creek Lighter Shiraz 2021,9.5,0.75,11.49,15.32,0.6201044386422976
0,Aventinus Eisbock,12.0,0.33,6.39,19.363636363636363,0.619718309859155
0,La Raia Gavi 2022,12.5,0.75,15.13,20.173333333333336,0.6196298744216787
0,Hacienda Lopez de Haro Reserva 2017,14.0,0.75,16.95,22.599999999999998,0.6194690265486726
0,La Chouffe Blonde,8.0,0.75,9.69,12.92,0.6191950464396285
0,Peddlers Shanghai Craft Gin,45.7,0.7,51.67,73.81428571428572,0.6191213470098703
0,Peddlers Shanghai Barrel Aged Gin,45.7,0.7,51.67,73.81428571428572,0.6191213470098703
0,Titento Nero d'Avola 2020,13.0,0.75,15.75,21.0,0.6190476190476191
0,E. Guigal Côtes-du-Rhône Rosé 2021,14.0,0.75,16.97,22.626666666666665,0.6187389510901592
0,Dooley's Liquorice Cream,15.0,0.7,16.98,24.25714285714286,0.6183745583038869
0,Dooley’s Blueberry Cream Liqueur,15.0,0.7,16.98,24.25714285714286,0.6183745583038869
0,Masi Tupungato Passo Doble 2021,14.0,0.75,16.99,22.653333333333332,0.6180105944673338
0,Noki Salmiakkilikööri,21.0,0.5,16.99,33.98,0.6180105944673338
0,Piki Tervalikööri,21.0,0.5,16.99,33.98,0.6180105944673338
0,Navarro Correas Reserve Cabernet Sauvignon 2020,14.0,0.75,16.99,22.653333333333332,0.6180105944673338
0,Murviedro Sericis Monastrell 2018,14.0,0.75,16.99,22.653333333333332,0.6180105944673338
0,Domaine du Crêt d'Oeillat Régnié Vieilles Vignes 2020,14.0,0.75,16.99,22.653333333333332,0.6180105944673338
0,Hewitson Baby Bush Mourvèdre 2019,14.0,0.75,16.99,22.653333333333332,0.6180105944673338
0,Symington Altano Organic 2021,14.0,0.75,16.99,22.653333333333332,0.6180105944673338
0,Hacienda Lopez de Haro Organic Tempranillo 2016,14.0,0.75,16.99,22.653333333333332,0.6180105944673338
0,Anselmann Cabernet Sauvignon im Barrique gereift Trocken 2015,14.0,0.75,16.99,22.653333333333332,0.6180105944673338
0,Castello Sonnino Chianti Montespertoli 2021,14.0,0.75,16.99,22.653333333333332,0.6180105944673338
0,Gaia de Chateau Puybarbe 2019,14.0,0.75,16.99,22.653333333333332,0.6180105944673338
0,Mount Hermon Red 2022,14.0,0.75,16.99,22.653333333333332,0.6180105944673338
0,Casa Silva Gran Terroir Carmenere 2021,14.0,0.75,16.99,22.653333333333332,0.6180105944673338
0,Garzón Tannat Reserva 2020,14.0,0.75,16.99,22.653333333333332,0.6180105944673338
0,Ébano 6 2020,14.0,0.75,16.99,22.653333333333332,0.6180105944673338
0,LaSelva Morellino di Scansano 2018,14.0,0.75,16.99,22.653333333333332,0.6180105944673338
0,Tarapacá Gran Reserva Cabernet Sauvignon 2022 lahjapakkaus,14.0,0.75,16.99,22.653333333333332,0.6180105944673338
0,Leo,5.0,0.33,2.67,8.09090909090909,0.6179775280898877
0,Codorniu Clasico Organic Cava Sec,11.5,0.375,6.98,18.613333333333333,0.6178366762177651
0,Giesen Chardonnay 2021,13.0,0.75,15.79,21.05333333333333,0.617479417352755
0,Tommasi Valpolicella 2022,12.0,0.75,14.58,19.44,0.6172839506172839
0,Tommasi Le Rosse Pinot Grigio 2022,12.0,0.75,14.58,19.44,0.6172839506172839
0,Pink Riesling Weinhof 519,11.5,0.75,13.98,18.64,0.6169527896995708
0,Boutari Kretikos 2022,11.5,0.75,13.98,18.64,0.6169527896995708
0,Valdo Paradise Rosé Brut,11.5,0.75,13.98,18.64,0.6169527896995708
0,Isula Cara 2022,11.5,0.75,13.99,18.653333333333332,0.6165117941386705
0,El Miracle Organic Cava Brut,11.5,0.75,13.99,18.653333333333332,0.6165117941386705
0,Bellissima Organic Zero Sugar Extra Brut lahjapakkaus,11.5,0.75,13.99,18.653333333333332,0.6165117941386705
0,Montelvini Cuvée HIFK Brut,11.5,0.75,13.99,18.653333333333332,0.6165117941386705
0,Le Petit Balthazar Merlot 2021,11.5,0.75,13.99,18.653333333333332,0.6165117941386705
0,Skinny Fizz Cava Brut Nature,11.5,0.75,13.99,18.653333333333332,0.6165117941386705
0,Freeclimber Riesling 2022,11.5,0.75,13.99,18.653333333333332,0.6165117941386705
0,Parés Baltà 'b' Organic Cava Brut,11.5,0.75,13.99,18.653333333333332,0.6165117941386705
0,Parés Baltà Blanc de Pacs Organic 2022,11.5,0.75,13.99,18.653333333333332,0.6165117941386705
0,Viva Valentina Organic Riesling 2022,11.5,0.75,13.99,18.653333333333332,0.6165117941386705
0,Julià & Navinès Organic Rosé Cava Extra Dry,11.5,0.75,13.99,18.653333333333332,0.6165117941386705
0,Pitars Rosé Prosecco Brut 2021,11.5,0.75,13.99,18.653333333333332,0.6165117941386705
0,Castell d'Or Cabaret Orgànic Cava Brut,11.5,0.75,13.99,18.653333333333332,0.6165117941386705
0,Mont Paral Vintage Rosé Cava Brut 2018,11.5,0.75,13.99,18.653333333333332,0.6165117941386705
0,Bellissima Rosé Organic Zero Sugar Extra Brut,11.5,0.75,13.99,18.653333333333332,0.6165117941386705
0,Mont Paral Vintage Cava Brut 2018,11.5,0.75,13.99,18.653333333333332,0.6165117941386705
0,Raimat Cava Brut Nature,11.5,0.75,13.99,18.653333333333332,0.6165117941386705
0,En v*ttu Tiiä Extra Dry,11.5,0.75,13.99,18.653333333333332,0.6165117941386705
0,Corvezzo Organic Prosecco Rosé Extra Dry 2022,11.5,0.75,13.99,18.653333333333332,0.6165117941386705
0,Mont Paral Organic Cava Sec 2019,11.5,0.75,13.99,18.653333333333332,0.6165117941386705
0,Smiley Rosé,11.5,0.75,13.99,18.653333333333332,0.6165117941386705
0,Corvers Kauter R3 Rheingau Riesling Revolution Organic offdry 2022 lahjapakkaus,11.5,0.75,13.99,18.653333333333332,0.6165117941386705
0,Pitars Prosecco Brut Nature 2022,11.5,0.75,13.99,18.653333333333332,0.6165117941386705
0,Val d'Oca Prosecco Rosé Extra Dry 2022,11.5,0.75,13.99,18.653333333333332,0.6165117941386705
0,The Lady Pinot Grigio 2021,12.0,0.75,14.60,19.466666666666665,0.6164383561643836
0,Jaume Serra Cava Brut Nature Reserva Magnum,11.5,1.5,27.99,18.66,0.6162915326902465
0,Jameson Caskmates IPA Edition,40.0,0.2,12.99,64.95,0.6158583525789069
0,Apteekkarin Cognac VS,40.0,0.5,32.49,64.98,0.6155740227762388
0,Naud Ron Panamá 15 Años,41.3,0.7,46.99,67.12857142857143,0.615237284528623
0,Mallaskoski Barley Wine,12.0,0.33,6.44,19.515151515151516,0.6149068322981366
0,Poderi Cellario È Vino Bianco 2019,12.5,1.0,20.33,20.33,0.6148548942449582
0,Lough Gill Spear Barrel Aged Imperial Oatmeal Stout tölkki,13.0,0.33,6.98,21.151515151515152,0.6146131805157593
0,Garzón Albariño Reserva 2022,13.5,0.75,16.48,21.973333333333333,0.6143810679611651
0,Vóila Vineyard Assyrtiko 2022,13.5,0.75,16.48,21.973333333333333,0.6143810679611651
0,Valpolicella Ripasso Ca´Vendri 2020,13.5,0.75,16.48,21.973333333333333,0.6143810679611651
0,San Felice Perolla Vermentino 2019,13.0,0.75,15.87,21.16,0.6143667296786389
0,Black Tower Pink Bubbly 2022,8.5,0.75,10.38,13.840000000000002,0.6141618497109825
0,Andechs Export Dunkel,4.9,0.5,3.99,7.98,0.6140350877192983
0,Amaro Nonino Quintessentia,35.0,0.7,39.90,57.0,0.6140350877192983
0,Pramia Banaanilikööri muovipullo,21.0,0.35,11.97,34.2,0.6140350877192982
0,Oliver Moragues La Faula 2020,13.5,0.75,16.49,21.986666666666665,0.6140084899939358
0,Pagos del Rey Arnegui Reserva 2017,13.5,0.75,16.49,21.986666666666665,0.6140084899939358
0,Allegrini Belpasso 2019,13.5,0.75,16.49,21.986666666666665,0.6140084899939358
0,Il Palagione Hydra 2020,13.5,0.75,16.49,21.986666666666665,0.6140084899939358
0,Paul Jaboulet Aîné Parallèle 45 Côtes-du-Rhône Blanc 2021,13.5,0.75,16.49,21.986666666666665,0.6140084899939358
0,La Trappe Tripel,8.0,0.33,4.30,13.03030303030303,0.6139534883720931
0,Rivera Scariazzo Fiano 2021,13.5,0.75,16.50,22.0,0.6136363636363636
0,Budweiser,5.0,0.33,2.69,8.15151515151515,0.6133828996282529
0,Legendary Dark Silkie Smoky Irish Whiskey,46.0,0.7,52.50,75.0,0.6133333333333333
0,Barone Ricasoli Organic Chianti 2022,13.0,0.75,15.90,21.2,0.6132075471698113
0,Petit Bourgeois Pinot Noir Rosé 2022,13.0,0.75,15.90,21.2,0.6132075471698113
0,Brennfleck Sulzfelder Sonnenberg Silvaner Alte Reben 2019,13.0,0.75,15.90,21.2,0.6132075471698113
0,John Wine 2022,13.0,0.75,15.90,21.2,0.6132075471698113
0,Gassier Coteaux d'Aix-en-Provence Organic 2022,13.0,0.75,15.90,21.2,0.6132075471698113
0,Penley Estate Echo Sparkling Pinot Noir,13.0,0.75,15.90,21.2,0.6132075471698113
0,Angelo Negro Onorata Favorita 2022,13.0,0.75,15.90,21.2,0.6132075471698113
0,Tommasi Chiaretto Granara Rose 2022,12.0,0.75,14.68,19.573333333333334,0.6130790190735694
0,Tons de Duorum Rosé 2020,12.0,0.75,14.68,19.573333333333334,0.6130790190735694
0,Pramia Mustaherukka Rommi Likööri muovipullo,21.0,0.35,11.99,34.25714285714286,0.6130108423686405
0,Lignell & Piispanen Mustaherukka,21.0,0.35,11.99,34.25714285714286,0.6130108423686405
0,Pramia Yölintu Whisky-Kahvilikööri muovipullo,21.0,0.35,11.99,34.25714285714286,0.6130108423686405
0,Pramia Hunaja-Rommilikööri muovipullo,21.0,0.35,11.99,34.25714285714286,0.6130108423686405
0,Midnight Moon Apple Pie lasipurkki,35.0,0.35,19.99,57.114285714285714,0.6128064032016008
0,Mundo Tequila Blanco,35.0,0.7,39.99,57.12857142857143,0.6126531632908226
0,Graham's Natura Reserve Port,20.0,0.75,24.49,32.65333333333333,0.6124948958758678
0,Hans Baer Merlot Rosé,11.0,0.25,4.49,17.96,0.6124721603563474
0,Shepherd Neame India Pale Ale,6.1,0.5,4.98,9.96,0.6124497991967871
0,Thatchers Gold tölkki,4.8,0.5,3.92,7.84,0.6122448979591837
0,Budvar Dark Lager,4.7,0.5,3.84,7.68,0.6119791666666667
0,Santamania Reserva London Dry Gin,41.0,0.7,46.90,67.0,0.6119402985074627
0,Casa Vinironia Prosecco Vino Biologico Extra Dry,11.0,0.75,13.49,17.986666666666668,0.6115641215715344
0,Maschio Prosecco Treviso Extra Dry,11.0,0.75,13.49,17.986666666666668,0.6115641215715344
0,Pizzolato Ice Prosecco Organic Demi Sec 2022,11.0,0.75,13.49,17.986666666666668,0.6115641215715344
0,Mionetto Prosecco Brut Organic,11.0,0.75,13.49,17.986666666666668,0.6115641215715344
0,Canti Millesimato Prosecco Rosé Extra Dry 2022,11.0,0.75,13.49,17.986666666666668,0.6115641215715344
0,Casalforte Prosecco Extra Dry,11.0,0.75,13.49,17.986666666666668,0.6115641215715344
0,Gouden Carolus Cuvée van de Keizer Imperial Dark 2021,11.0,0.75,13.49,17.986666666666668,0.6115641215715344
0,Pizzolato Organic Pinot Grigio Extra Brut 2021,11.0,0.75,13.49,17.986666666666668,0.6115641215715344
0,BlueWhite Lightly Peated,43.2,0.5,35.32,70.64,0.6115515288788222
0,Bols Peach,17.0,0.5,13.90,27.8,0.6115107913669064
0,Bols Blueberry,17.0,0.5,13.90,27.8,0.6115107913669064
0,Bols Passion Fruit,17.0,0.5,13.90,27.8,0.6115107913669064
0,Bols Strawberry,17.0,0.5,13.90,27.8,0.6115107913669064
0,Franziskaner Hefe-Weissbier,5.0,0.5,4.09,8.18,0.6112469437652812
0,Olaf Hydra Triple IPA,10.0,0.33,5.40,16.363636363636363,0.6111111111111112
0,Pusser's Rum Coronation Reserve,54.5,0.7,62.43,89.1857142857143,0.6110844145442895
0,Iuzzolini Ciro Bianco 2021,12.0,0.75,14.73,19.64,0.6109979633401221
0,Galliano L'Aperitivo,24.0,0.5,19.64,39.28,0.6109979633401221
0,Pagos de Araiz Crianza 2019,15.0,0.75,18.42,24.560000000000002,0.6107491856677524
0,Meukow VS,40.0,0.35,22.94,65.54285714285714,0.6102877070619006
0,Medusa Albariño 2021,13.0,0.75,15.98,21.30666666666667,0.6101376720901126
0,Edetària Via Terra Blanc 2020,13.0,0.75,15.98,21.30666666666667,0.6101376720901126
0,Herencia Altés Garnatxa Blanca 2021,13.0,0.75,15.98,21.30666666666667,0.6101376720901126
0,Villa Wolf Pinot Noir 2021,13.0,0.375,7.99,21.30666666666667,0.6101376720901126
0,Rocca di Montemassi Syrosa 2020,13.0,0.75,15.98,21.30666666666667,0.6101376720901126
0,Vol d'Anima de Raimat Blanco Organic 2019,13.0,0.75,15.98,21.30666666666667,0.6101376720901126
0,Dal Cero Pinot Grigio Ramato 2022,13.0,0.75,15.98,21.30666666666667,0.6101376720901126
0,Lynx Barrel Fermented Chardonnay 2021,13.0,0.375,7.99,21.30666666666667,0.6101376720901126
0,Masi Campofiorin 2020,13.0,0.75,15.98,21.30666666666667,0.6101376720901126
0,Planeta La Segreta Il Rosso 2020,13.0,0.75,15.98,21.30666666666667,0.6101376720901126
0,Frey Grauer Burgunder 2023,13.0,0.375,7.99,21.30666666666667,0.6101376720901126
0,Opta Reserva 2019,13.0,0.75,15.98,21.30666666666667,0.6101376720901126
0,King's Bay Pinot Noir 2019,13.0,0.75,15.98,21.30666666666667,0.6101376720901126
0,Vignali Roccamena Pinot Nero 2022,13.0,0.75,15.98,21.30666666666667,0.6101376720901126
0,Gérard Bertrand Solar 6 Bee Friendly Syrah 2020,13.0,0.75,15.98,21.30666666666667,0.6101376720901126
0,Penfolds Koonunga Hill Chardonnay 2021,13.0,0.75,15.98,21.30666666666667,0.6101376720901126
0,Emil Bauer Miami Weissburgunder 2022,13.0,0.75,15.98,21.30666666666667,0.6101376720901126
0,Matua Marlborough Organic Sauvignon Blanc 2022,13.0,0.75,15.98,21.30666666666667,0.6101376720901126
0,Wolfberger (W)2 2021,13.0,0.75,15.98,21.30666666666667,0.6101376720901126
0,Cascavel Monts & Vertiges 2021,13.0,0.75,15.98,21.30666666666667,0.6101376720901126
0,Aecht Schlenkerla Rauchbier Märzen,5.1,0.5,4.18,8.36,0.6100478468899522
0,Domaine Terre De Mistral Simone 2022,13.0,0.75,15.99,21.32,0.6097560975609756
0,Malmgård Belge,8.0,0.33,4.33,13.121212121212121,0.6096997690531177
0,Helsinki Sailor’s Gin,57.2,0.5,46.93,93.86,0.6094182825484765
0,Highland Park Viking Scars 10 Year Old Single Malt,40.0,0.7,45.98,65.68571428571428,0.6089604175728578
0,Dupuy V.S.O.P,40.0,0.35,22.99,65.68571428571428,0.6089604175728578
0,Bowmore Small Batch Single Malt,40.0,0.35,22.99,65.68571428571428,0.6089604175728578
0,Buffalo Trace,40.0,0.7,45.98,65.68571428571428,0.6089604175728578
0,Botran Reserva Añejo 15,40.0,0.7,45.99,65.7,0.60882800608828
0,Hardy Fine VS,40.0,0.7,45.99,65.7,0.60882800608828
0,Alexis Lichine Crémant de Bordeaux Brut Rosé,12.0,0.75,14.79,19.72,0.6085192697768763
0,Savon Kyynel Pontikka,40.0,0.5,32.87,65.74,0.6084575600851841
0,Vicarage Lane Marlborough Pinot Noir Rosé 2022,12.0,0.75,14.80,19.733333333333334,0.6081081081081081
0,To Øl House Of Pale tölkki,5.5,0.44,3.98,9.045454545454545,0.6080402010050252
0,Oh So Creamy Tiramisu Cream,17.0,0.5,13.98,27.96,0.6080114449213162
0,Argiolas Costera 2021,14.5,0.75,17.89,23.853333333333335,0.6078814980435997
0,The Botanist,46.0,0.7,52.99,75.7,0.6076618229854689
0,To Øl Whirl Domination India Pale Ale tölkki,6.2,0.44,4.49,10.204545454545455,0.6075723830734967
0,I Heart Prosecco Extra Dry,11.0,0.75,13.59,18.12,0.6070640176600441
0,Feudi di San Gregorio Falanghina del Sannio 2022,12.5,0.75,15.45,20.599999999999998,0.6067961165048544
0,Ayinger Urweisse,5.8,0.5,4.78,9.56,0.606694560669456
0,Val de Rance Cidre de Bretagne Brut,5.5,0.75,6.80,9.066666666666666,0.6066176470588236
0,Protos Roble 2021,14.5,0.75,17.94,23.92,0.6061872909698997
0,Arthur Metz Pinot Noir Rosé 2022,12.0,0.75,14.85,19.8,0.6060606060606061
0,Étoile de Lauduc Cabernet Franc 2019,13.5,0.75,16.71,22.28,0.6059245960502693
0,Mud House Sauvignon Blanc Rosé 2021,12.5,0.75,15.48,20.64,0.6056201550387597
0,Pfaffl Grüner Veltliner Vom Haus 2022,12.5,0.75,15.48,20.64,0.6056201550387597
0,Marie Brizard Triple Sec,23.0,0.5,18.99,37.98,0.6055818852027384
0,Navarro Correas Reserve Malbec 2020,14.5,0.75,17.96,23.94666666666667,0.605512249443207
0,Savon Kyynel Pontikka muu,40.0,40.0,2642.42,66.0605,0.6055055592979163
0,Maku Brewing IPA tölkki,7.3,0.33,3.98,12.06060606060606,0.6052763819095477
0,Brogsitter Eichstetter Vulkanfelsen Grauburgunder 2020,13.0,0.75,16.11,21.48,0.6052141527001862
0,Zelanos Rosé Pinot Noir 2018,13.5,0.75,16.73,22.30666666666667,0.6052002390914525
0,Mallaskoski Nemesis Cognac Barrel Aged Imperial Rye,12.8,0.33,6.98,21.151515151515152,0.6051575931232092
0,Kalfu Kuda Pinot Noir 2021,13.5,0.75,16.74,22.319999999999997,0.6048387096774195
0,Casa Santos Lima Touriga Nacional 2017,14.5,0.75,17.98,23.973333333333333,0.6048387096774194
0,Tenuta Garetto Rosina Barbera d'Asti 2019,14.5,0.75,17.98,23.973333333333333,0.6048387096774194
0,M. Chapoutier Belleruche Côtes-du-Rhône Rouge 2022,14.5,0.375,8.99,23.973333333333333,0.6048387096774194
0,Fitapreta Tinto 2019,14.5,0.75,17.98,23.973333333333333,0.6048387096774194
0,Valdifalco Morellino di Scansano 2020,14.5,0.75,17.98,23.973333333333333,0.6048387096774194
0,Jean Leon 3055 Rosé 2021,12.5,0.75,15.50,20.666666666666668,0.6048387096774194
0,Chateau d'Haurets 2022,12.5,0.375,7.75,20.666666666666668,0.6048387096774194
0,Fontanafredda Raimonda Barbera d'Alba 2020,14.5,0.75,17.98,23.973333333333333,0.6048387096774194
0,Masseria Altemura Sasseo Primitivo 2021,14.5,0.75,17.98,23.973333333333333,0.6048387096774194
0,Txomin Etxaniz Txakoli Rose 2022,12.5,0.75,15.50,20.666666666666668,0.6048387096774194
0,Berså Terra Alta 2022,14.5,0.75,17.98,23.973333333333333,0.6048387096774194
0,Besini Qvevri 2018,14.5,0.75,17.98,23.973333333333333,0.6048387096774194
0,Pure Apple,16.4,0.7,18.99,27.128571428571426,0.6045286993154292
0,Pure Lakrids,16.4,0.7,18.99,27.128571428571426,0.6045286993154292
0,Castano Coleccion Cepas Viejas,14.5,0.75,17.99,23.986666666666665,0.604502501389661
0,Valdifalco Maremma Toscana Sangiovese 2019,14.5,0.75,17.99,23.986666666666665,0.604502501389661
0,Sefa Wine Vranac 2017,13.0,0.75,16.13,21.506666666666664,0.6044637321760695
0,Sefa Wine Pinot Noir 2016,13.0,0.75,16.13,21.506666666666664,0.6044637321760695
0,Chateau Ste Michelle Riesling 2021,12.0,0.75,14.89,19.853333333333335,0.6044325050369375
0,Benediktiner Hell,5.0,0.5,4.14,8.28,0.6038647342995169
0,Campari,25.0,0.7,28.98,41.400000000000006,0.6038647342995168
0,Elijah Craig Small Batch,47.0,0.7,54.49,77.84285714285716,0.6037805101853551
0,Villa Maria Private Bin Chardonnay 2021,13.5,0.75,16.78,22.373333333333335,0.6033969010727056
0,Hinch Small Batch,43.0,0.7,49.90,71.28571428571429,0.6032064128256512
0,Ayinger Jahrhundert Bier,5.5,0.5,4.56,9.12,0.6030701754385965
0,Château d'Aqueria Lirac 2020,15.0,0.75,18.66,24.88,0.6028938906752411
0,Alessandro Rivetto Langhe Nebbiolo 2021,13.5,0.75,16.80,22.400000000000002,0.6026785714285714
0,Aconcagua Alto Cabernet Sauvignon 2016,13.5,0.75,16.80,22.400000000000002,0.6026785714285714
0,Kék Kékfrankos Válogatás 2017,13.5,0.75,16.80,22.400000000000002,0.6026785714285714
0,Rabarbra Rhubarb Sparkling Organic Brut,11.0,0.75,13.69,18.253333333333334,0.6026296566837107
0,Mionetto Millesimato Prosecco Rosé Extra Dry 2021,11.0,0.75,13.69,18.253333333333334,0.6026296566837107
0,Krombacher Dark,4.7,0.5,3.90,7.8,0.6025641025641026
0,Laposa Szürkebarát 2022,12.5,0.75,15.56,20.746666666666666,0.6025064267352185
0,Henry Westons Organic Cider,6.0,0.5,4.98,9.96,0.6024096385542168
0,Le Pive Rosé Bio tölkki,12.0,0.25,4.98,19.92,0.6024096385542168
0,Sorgin Gin,43.0,0.7,49.98,71.4,0.6022408963585434
0,Chimay 150,10.0,0.33,5.48,16.606060606060606,0.6021897810218978
0,Fontanafredda Grappa di Barolo Riserva,43.0,0.7,49.99,71.41428571428573,0.6021204240848169
0,Tullibardine Sovereign Single Malt,43.0,0.7,49.99,71.41428571428573,0.6021204240848169
0,Richard Juhlin Blanc de Blanc Brut,12.0,0.75,14.95,19.933333333333334,0.6020066889632107
0,Cantina Zaccagnini Il Bianco di Ciccio 2022,12.0,0.75,14.95,19.933333333333334,0.6020066889632107
0,Zaccagnini Cerasuolo d'Abruzzo Rosé 2021,12.0,0.75,14.95,19.933333333333334,0.6020066889632107
0,Connemara Peated Single Malt,40.0,0.7,46.54,66.4857142857143,0.6016330038676406
0,Castellblanc Rosado Cava Brut,12.0,0.375,7.48,19.94666666666667,0.6016042780748663
0,Rebelle Raspberry,6.0,0.75,7.48,9.973333333333334,0.6016042780748663
0,Villa Wolf Riesling 2022,12.0,0.375,7.48,19.94666666666667,0.6016042780748663
0,Mc Chouffe Brune,8.0,0.33,4.39,13.303030303030301,0.601366742596811
0,Chimay White,8.0,0.33,4.39,13.303030303030301,0.601366742596811
0,Liefmans Goudenband,8.0,0.33,4.39,13.303030303030301,0.601366742596811
0,Puklus Pincészet Tokaji Hárslevelü 2016,12.5,0.75,15.59,20.786666666666665,0.6013470173187941
0,Vicarage Lane Bubbly Brut 2022 lahjapakkaus,12.5,0.75,15.59,20.786666666666665,0.6013470173187941
0,Fuller's London Porter,5.4,0.5,4.49,8.98,0.6013363028953229
0,St. Bernardus Christmas Ale,10.0,0.33,5.49,16.636363636363637,0.6010928961748634
0,Licor Crema de Fresa con Tequila,17.0,0.7,19.80,28.28571428571429,0.601010101010101
0,Dr. Becker Cuvée Regent Trocken 2016,12.5,0.75,15.60,20.8,0.6009615384615384
0,Masi Bonacosta Valpolicella Classico 2021,12.0,0.75,14.98,19.973333333333333,0.6008010680907877
0,Asia Blend Cuvée White 2022,12.0,0.75,14.98,19.973333333333333,0.6008010680907877
0,Wolfberger Muscat 2021,12.0,0.75,14.98,19.973333333333333,0.6008010680907877
0,Nett Glaube Liebe Hoffnung Riesling Trocken 2021,12.0,0.75,14.98,19.973333333333333,0.6008010680907877
0,Mayer Asia Cuvée 2022,12.0,0.75,14.98,19.973333333333333,0.6008010680907877
0,Luigi Bosca La Linda Extra Brut,12.0,0.75,14.98,19.973333333333333,0.6008010680907877
0,Luzón Colección Rosado 2022,12.0,0.75,14.98,19.973333333333333,0.6008010680907877
0,Fitz-Ritter Dürkheim Riesling Organic Dry 2021,12.0,0.75,14.98,19.973333333333333,0.6008010680907877
0,Bestheim Crémant Extra Brut,12.0,0.75,14.98,19.973333333333333,0.6008010680907877
0,Bouchard Aine & Fils Grande Cuvee Brut,12.0,0.75,14.98,19.973333333333333,0.6008010680907877
0,La Poderosa Sauvignon Blanc 2021,12.0,0.75,14.98,19.973333333333333,0.6008010680907877
0,Baglio Baiata Alagna Kosho Sushi wine,12.0,0.75,14.98,19.973333333333333,0.6008010680907877
0,Stadlmann St Laurent Rosé  2021,12.0,0.75,14.98,19.973333333333333,0.6008010680907877
0,Vouvray V 2022,12.0,0.75,14.98,19.973333333333333,0.6008010680907877
0,Domäne Wachau Grüner Veltliner Federspiel Terrassen 2022,12.0,0.75,14.98,19.973333333333333,0.6008010680907877
0,Anselmo Mendes Pardusco 2020,12.0,0.75,14.98,19.973333333333333,0.6008010680907877
0,Gere Villányi Rosé 2020,12.0,0.75,14.98,19.973333333333333,0.6008010680907877
0,Juhla Shotti Karpalo Vanilja,18.0,0.5,14.98,29.96,0.6008010680907877
0,Grasso Baldovino Catarratto 2020,12.0,0.75,14.98,19.973333333333333,0.6008010680907877
0,Pasqua Villa Borghetti Valpolicella Classico 2021,12.0,0.75,14.98,19.973333333333333,0.6008010680907877
0,Bestheim Crémant d'Alsace Brut Premium,12.0,0.75,14.98,19.973333333333333,0.6008010680907877
0,Yoko Riesling 2021,12.0,0.75,14.98,19.973333333333333,0.6008010680907877
0,Lynx Riesling 2021,12.0,0.75,14.98,19.973333333333333,0.6008010680907877
0,Fresco di Masi Organic Rosso 2022,12.0,0.75,14.98,19.973333333333333,0.6008010680907877
0,Austo Novebolle Brut,12.0,0.75,14.98,19.973333333333333,0.6008010680907877
0,Obsession Symphony 2020,12.0,0.75,14.98,19.973333333333333,0.6008010680907877
0,Rabl Steinterassen Riesling 2022,12.0,0.75,14.98,19.973333333333333,0.6008010680907877
0,Casasmith Vino Rosé 2018,12.0,0.75,14.98,19.973333333333333,0.6008010680907877
0,That's Neiss Pink Riesling,12.0,0.75,14.98,19.973333333333333,0.6008010680907877
0,Sumarroca Gran Reserva Cava Brut Nature 2020,12.0,0.75,14.98,19.973333333333333,0.6008010680907877
0,Puolustuslaitos Valkoviiniä 2021,12.0,0.75,14.98,19.973333333333333,0.6008010680907877
0,Graf von Schönborn Riesling Trocken 2020,12.0,0.75,14.98,19.973333333333333,0.6008010680907877
0,Alpha Estate Axia Syrah Xinomavro 2019,14.0,0.75,17.48,23.30666666666667,0.6006864988558352
0,Moselland Riesling Kabinett 2022,8.0,0.75,9.99,13.32,0.6006006006006006
0,Valkia Talviomena Glögi,8.0,0.75,9.99,13.32,0.6006006006006006
0,Thr3 Monkeys Sparkling Raspberry & Peach,8.0,0.75,9.99,13.32,0.6006006006006006
0,Thr3 Monkeys Sparkling Pineapple & Strawberry,8.0,0.75,9.99,13.32,0.6006006006006006
0,Cavicchioli Lambrusco di Sorbara Amabile,8.0,0.75,9.99,13.32,0.6006006006006006
0,Torres Floralis Moscatel Oro,15.0,0.5,12.49,24.98,0.600480384307446
0,Besini Kindzmarauli 2022,12.0,0.75,14.99,19.986666666666668,0.600400266844563
0,Nau Mai Sauvignon Blanc 2022 muovipullo,12.0,0.75,14.99,19.986666666666668,0.600400266844563
0,Bagrationi Classic Brut,12.0,0.75,14.99,19.986666666666668,0.600400266844563
0,Anna de Codorníu Brut Magnum,12.0,1.5,29.98,19.986666666666668,0.600400266844563
0,Bagrationi Classic Semi Dry,12.0,0.75,14.99,19.986666666666668,0.600400266844563
0,Hauller Muscat 2022,12.0,0.75,14.99,19.986666666666668,0.600400266844563
0,Château Saint-Sernin Malbec de Calcaire 2018,14.0,0.75,17.49,23.319999999999997,0.600343053173242
0,Chateau Ste Michelle Chardonnay 2018,14.0,0.75,17.49,23.319999999999997,0.600343053173242
0,Château Bonnin Pichon 2020 lahjapakkaus,14.0,0.75,17.49,23.319999999999997,0.600343053173242
0,Gustav Cranberry Liqueur,21.0,0.5,17.49,34.98,0.6003430531732419
0,Gustav Blueberry & Raspberry,21.0,0.5,17.49,34.98,0.6003430531732419
0,Gustav Arctic Cassis,21.0,0.5,17.49,34.98,0.6003430531732419
0,Gustav Raspberry,21.0,0.5,17.49,34.98,0.6003430531732419
0,Gonzalez Byass Solera 1847 Cream Sherry,18.0,0.75,22.49,29.986666666666665,0.6002667852378836
0,Gonzalez Byass Alfonso Oloroso Seco Sherry,18.0,0.75,22.49,29.986666666666665,0.6002667852378836
0,Il Barone Amarone della Valpolicella 2018,15.0,1.0,24.99,24.99,0.6002400960384154
0,Hienoa Cognac VSOP,40.0,1.5,99.98,66.65333333333334,0.6001200240048009
0,Lunetta Prosecco Brut,11.0,0.75,13.75,18.333333333333332,0.6000000000000001
0,Spier Seaward Pinotage 2018,14.0,0.75,17.50,23.333333333333332,0.6
0,Gustav Arctic Lingonberry,21.0,0.5,17.50,35.0,0.6
0,Lignell & Piispanen Lakka,27.0,0.35,15.75,45.0,0.6
0,Prantner Szekszard Rose 2020,13.0,0.75,16.25,21.666666666666668,0.6
0,Prantner Szekszard Rajnai Rizling 2020,13.0,0.75,16.25,21.666666666666668,0.6
0,Dow's Late Bottled Vintage 2018,20.0,0.375,12.50,33.333333333333336,0.6
0,Altamente Volalto Monastrell 2018,14.0,0.75,17.51,23.346666666666668,0.5996573386636208
0,Mavro Xinomavro 2019,13.0,0.75,16.26,21.680000000000003,0.599630996309963
0,Campillo Blanco Fermentado en Barrica 2022,13.5,0.75,16.89,22.52,0.5994671403197158
0,Hunawihr Riesling Lieu-Dit Muehlforst 2022,13.5,0.75,16.89,22.52,0.5994671403197158
0,Enzo Bartoli Langhe Nebbiolo 2021,13.5,0.75,16.90,22.53333333333333,0.599112426035503
0,Ti Amo Primitivo 2022,13.5,0.75,16.90,22.53333333333333,0.599112426035503
0,Happy Joe Oakwood Apple Cider tölkki,4.7,0.33,2.59,7.848484848484848,0.5988416988416989
0,Barbazul Blanco 2018,12.0,0.75,15.03,20.04,0.5988023952095809
0,Schwarzwälder Kirschwasser,42.0,0.35,24.56,70.17142857142858,0.5985342019543973
0,Mouton Cadet Rosé  2020,13.0,0.75,16.29,21.72,0.5985267034990792
0,Maker's Mark,45.0,0.2,15.04,75.19999999999999,0.598404255319149
0,Zelanos Pinot Noir 2017,14.0,0.75,17.55,23.400000000000002,0.5982905982905983
0,Ojo de Tigre Joven Mezcal,37.0,0.7,43.30,61.857142857142854,0.5981524249422633
0,Franziskaner Weissbier Dunkel,5.0,0.5,4.18,8.36,0.5980861244019139
0,Blue Moon Belgian White,5.4,0.33,2.98,9.03030303030303,0.5979865771812082
0,Daura Damm,5.4,0.33,2.98,9.03030303030303,0.5979865771812082
0,Rönnvikin Kamreeri,12.0,0.75,15.06,20.080000000000002,0.597609561752988
0,Las Niñas Amante Syrah Mourvèdre 2016,14.5,0.75,18.20,24.266666666666666,0.5975274725274725
0,Conway's Irish Country Cream,14.5,0.7,16.99,24.271428571428572,0.5974102413184226
0,Errázuriz Sauvignon Blanc Single Vineyard 2021,13.5,0.75,16.95,22.599999999999998,0.5973451327433629
0,Johnnie Walker Red Label muovipullo,40.0,0.05,3.35,67.0,0.5970149253731343
0,Osborne Carlos I Solera Gran Reserva,40.0,0.7,46.90,67.0,0.5970149253731343
0,Big Belly Aethelstan Peated Imperial Porter,10.0,0.33,5.53,16.757575757575758,0.596745027124774
0,Teeling Single Grain,46.0,0.7,53.99,77.12857142857143,0.5964067419892572
0,Hiisi Iku-Turso Imperial Stout,9.0,0.33,4.98,15.090909090909092,0.5963855421686747
0,Val-Dieu Triple,9.0,0.33,4.98,15.090909090909092,0.5963855421686747
0,Hiisi Humulus Lupus Double IPA,9.0,0.33,4.98,15.090909090909092,0.5963855421686747
0,Ruppertsberger Grand Imperial Riesling  2022,13.5,0.375,8.49,22.64,0.5962897526501767
0,Avignonesi Rosso di Montepulciano 2017,13.5,0.75,16.98,22.64,0.5962897526501767
0,X-Berg Reserve Pinot Noir 2020,13.5,0.75,16.98,22.64,0.5962897526501767
0,Galliano Amaretto,28.0,0.5,23.48,46.96,0.596252129471891
0,Take It To The Grave Pinot Grigio 2020,12.7,0.75,15.98,21.30666666666667,0.5960575719649561
0,Def Leppard Animal London Dry Gin,40.0,0.7,46.98,67.11428571428571,0.5959982971477225
0,Glenburgie 15 Year Old Single Malt,40.0,0.7,46.98,67.11428571428571,0.5959982971477225
0,Spy Valley Riesling 2019,13.5,0.75,16.99,22.653333333333332,0.5959387875220719
0,Nivarius Tempranillo Blanco 2022,13.5,0.75,16.99,22.653333333333332,0.5959387875220719
0,Mount Hermon White 2022,13.5,0.75,16.99,22.653333333333332,0.5959387875220719
0,Wynns Coonawarra The Gables 2019,13.5,0.75,16.99,22.653333333333332,0.5959387875220719
0,Abbotts & Delaunay Métayage Pinot Noir,13.5,0.75,16.99,22.653333333333332,0.5959387875220719
0,Gérard Bertrand Cote des Roses 2022,13.5,0.75,16.99,22.653333333333332,0.5959387875220719
0,Brumont Torus 2018,13.5,0.75,16.99,22.653333333333332,0.5959387875220719
0,Château Cap L’Ousteau 2018,13.5,0.75,16.99,22.653333333333332,0.5959387875220719
0,Cecilia Beretta Brognoligo Soave Classico 2021,13.5,0.75,16.99,22.653333333333332,0.5959387875220719
0,Armigero Valpolicella Ripasso Superiore 2019,13.5,0.75,16.99,22.653333333333332,0.5959387875220719
0,Château Ksara Blanc de Blancs 2021,13.5,0.75,16.99,22.653333333333332,0.5959387875220719
0,Sette Vigne 7 2018,13.5,0.75,16.99,22.653333333333332,0.5959387875220719
0,Livon Friulano 2022,13.5,0.75,16.99,22.653333333333332,0.5959387875220719
0,Bubi Piemonte Barbera,13.5,0.75,16.99,22.653333333333332,0.5959387875220719
0,Nardini l'Amaro,31.0,1.0,52.03,52.03,0.5958101095521814
0,Velkopopovický Kozel Dark tölkki,3.8,0.5,3.19,6.38,0.5956112852664577
0,Pievalta Tre Ripe Verdicchio dei Castelli di Jesi 2021,13.0,0.75,16.37,21.826666666666668,0.5956017104459377
0,Château la Reyne Le Prestige 2014,13.0,0.75,16.37,21.826666666666668,0.5956017104459377
0,Soligo Millesimato Prosecco Rosé Brut 2020,11.5,0.75,14.49,19.32,0.5952380952380952
0,SJK OmaSp Stadion Reserva Vinho Verde 2022,11.5,0.75,14.49,19.32,0.5952380952380952
0,Umano Rkatsiteli Qvevri Amber Dry 2020,13.0,0.75,16.38,21.84,0.5952380952380952
0,Nuvoté 2020,11.5,0.75,14.49,19.32,0.5952380952380952
0,Villa Conchi Cava Blush Rosé Brut,11.5,0.75,14.49,19.32,0.5952380952380952
0,Chimay Blue,9.0,0.33,4.99,15.121212121212121,0.5951903807615231
0,Pisang Ambon,17.0,0.5,14.29,28.58,0.5948215535339398
0,Casal Garcia Vinho Verde,9.5,0.375,5.99,15.973333333333334,0.5947412353923205
0,Casal Garcia Rosé,9.5,0.375,5.99,15.973333333333334,0.5947412353923205
0,Nils Oscar Scotch Ale,8.2,0.33,4.55,13.787878787878787,0.5947252747252747
0,Hermannin Kulda Lempo,40.0,0.35,23.55,67.28571428571429,0.5944798301486199
0,Escapada Vinho Tinto Leve 2021,9.5,0.75,11.99,15.986666666666666,0.5942452043369475
0,Catch & Release Riesling 2021,9.5,0.75,11.99,15.986666666666666,0.5942452043369475
0,Laitilan Imperiaali Stout,9.2,0.33,5.11,15.484848484848484,0.5941291585127201
0,Hermannin Vägi Väinö,40.0,0.35,23.57,67.34285714285714,0.5939753924480272
0,Hermannin Mesi Hiisi,40.0,0.35,23.57,67.34285714285714,0.5939753924480272
0,Koto Gin,47.5,0.5,39.99,79.98,0.5938984746186546
0,Von Buhl Bone Dry Rosé 2022,12.5,0.75,15.79,21.05333333333333,0.5937302089930336
0,Bertina Blueberry,20.0,0.7,23.58,33.68571428571428,0.5937234944868534
0,Bertina Elderflower,20.0,0.7,23.58,33.68571428571428,0.5937234944868534
0,Bertina Cloudberry-Elderflower,20.0,0.7,23.58,33.68571428571428,0.5937234944868534
0,Fantinel Prosecco Extra Dry,11.5,0.75,14.53,19.37333333333333,0.5935994494150035
0,Tosti Millesimato Prosecco Rose Brut 2019,11.0,0.75,13.90,18.533333333333335,0.5935251798561151
0,Verrocchio Prosecco Brut,11.0,0.75,13.90,18.533333333333335,0.5935251798561151
0,Perlage Sgàjo Prosecco Extra Dry,11.0,0.75,13.90,18.533333333333335,0.5935251798561151
0,Sartori Regolo 2015,13.5,0.75,17.06,22.746666666666666,0.5934935521688159
0,Ferratus Rosado 2021,14.5,0.75,18.33,24.439999999999998,0.59328968903437
0,O'Hara's Leann Follain Extra Irish Stout tölkki,6.0,0.44,4.45,10.113636363636363,0.5932584269662922
0,Sinä & Minä Marjaroseviini,12.0,0.75,15.18,20.24,0.5928853754940712
0,Les Fumées Blanches Sauvignon Blanc  2022,12.0,0.375,7.59,20.24,0.5928853754940712
0,Ollinmäen Viinitila Juortanan Jussi,12.0,0.75,15.18,20.24,0.5928853754940712
0,919 Tempranillo 2018,13.5,0.75,17.08,22.77333333333333,0.5927985948477753
0,Domaine la Boutiniere Fabuleux Destin d’Amelie Boutin 2020,15.0,0.75,18.98,25.30666666666667,0.5927291886195996
0,Don Roberto Reposado Tequila,38.0,0.7,44.89,64.12857142857143,0.5925595901091557
0,Three Finger Jack Cabernet Sauvignon 2020,15.0,0.75,18.99,25.319999999999997,0.5924170616113745
0,Gérard Bertrand Côtes du Roussillon Villages Tautavel 2020,15.0,0.75,18.99,25.319999999999997,0.5924170616113745
0,Cuesta Medium Dry Sherry,17.5,0.375,11.08,29.546666666666667,0.592283393501805
0,Crowmoor Dry tölkki,4.7,0.5,3.97,7.94,0.5919395465994962
0,Chelsea Royal London Dry Gin,43.1,0.7,51.00,72.85714285714286,0.5915686274509804
0,Stella Artois,5.0,0.33,2.79,8.454545454545455,0.5913978494623655
0,1800 Reserva Silver Tequila,38.0,0.7,44.98,64.25714285714285,0.5913739439751001
0,Gérard Bertrand Naturae Organic Cabernet Sauvignon 2021,13.0,0.75,16.49,21.986666666666665,0.5912674348089751
0,Cafaggio Single Estate Chianti Classico 2021,13.0,0.75,16.49,21.986666666666665,0.5912674348089751
0,Viñaredo Godello 2022,13.0,0.75,16.49,21.986666666666665,0.5912674348089751
0,Leyda Las Brisas Pinot Noir 2022 lahjapakkaus,13.0,0.75,16.49,21.986666666666665,0.5912674348089751
0,Thornbridge Jaipur India Pale Ale,5.9,0.5,4.99,9.98,0.591182364729459
0,Lágrimas de Cocodrilo,51.5,0.5,43.56,87.12,0.5911386593204775
0,Zonin Prosecco Brut,11.0,0.375,6.98,18.613333333333333,0.5909742120343839
0,Porterhouse Around the Clock Imperial Irish Stout,12.5,0.33,6.98,21.151515151515152,0.5909742120343839
0,Teliani Valley Saperavi 2020,13.0,0.75,16.50,22.0,0.5909090909090909
0,Louis Latour Ardèche Chardonnay 2021,13.0,0.75,16.50,22.0,0.5909090909090909
0,Bertagnolli Bio Grappa Barrique,40.0,0.7,47.39,67.7,0.5908419497784343
0,Laposa Friss Balatoni Olaszrizling 2022,11.5,0.75,14.60,19.466666666666665,0.5907534246575343
0,Laposa Illatos Balatoni Muskotály 2022,11.5,0.75,14.60,19.466666666666665,0.5907534246575343
0,San Felice Perolla Rosso 2018,12.5,0.75,15.87,21.16,0.5907372400756143
0,Helmi Kermalikööri muovipullo,16.0,0.35,9.48,27.08571428571429,0.590717299578059
0,Velkeer Svatovavrinecke 2015,13.0,0.75,16.51,22.013333333333335,0.5905511811023622
0,Punaisen Tuvan Puolukkalikööri,20.0,0.35,11.86,33.885714285714286,0.5902192242833052
0,Punaisen Tuvan Mansikkalikööri,20.0,0.35,11.86,33.885714285714286,0.5902192242833052
0,Millebolle Merry Christmas Extra Dry,11.0,0.75,13.98,18.64,0.5901287553648068
0,Meinklang Grüner Veltliner 2022,11.0,0.75,13.98,18.64,0.5901287553648068
0,Millebolle Sunny Days Extra Dry,11.0,0.75,13.98,18.64,0.5901287553648068
0,Pure Nordic Distillery Gin,56.0,0.5,47.46,94.92,0.5899705014749262
0,Rabl Grüner Veltliner 2022,12.0,0.375,7.63,20.346666666666668,0.5897771952817824
0,Alberto Nani Organic Prosecco Extra Dry lahjapakkaus,11.0,0.75,13.99,18.653333333333332,0.5897069335239457
0,Le Petit Balthazar Viognier Sauvignon Blanc 2022,11.0,0.75,13.99,18.653333333333332,0.5897069335239457
0,Pizzolato Organic Prosecco Brut,11.0,0.75,13.99,18.653333333333332,0.5897069335239457
0,Maschio Millesimato Prosecco Rosé Extra Dry 2022,11.0,0.75,13.99,18.653333333333332,0.5897069335239457
0,Zonin Cuvèe 1821 Prosecco Brut,11.0,0.75,13.99,18.653333333333332,0.5897069335239457
0,Perlage Afra Organic Prosecco Rosé Extra Dry 2021,11.0,0.75,13.99,18.653333333333332,0.5897069335239457
0,Le Petit Balthazar Cinsault Rosé 2020,11.0,0.75,13.99,18.653333333333332,0.5897069335239457
0,Dr. Pauly-Bergweiler Premium Riesling 2022,11.0,0.75,13.99,18.653333333333332,0.5897069335239457
0,Villa Huesgen Riesling By The Glass 2021,11.0,0.75,13.99,18.653333333333332,0.5897069335239457
0,Miniloma Prosecco Rosé Extra Dry by Huono Äiti 2022,11.0,0.75,13.99,18.653333333333332,0.5897069335239457
0,Soligo Prosecco Treviso Brut,11.0,0.75,13.99,18.653333333333332,0.5897069335239457
0,Pasqua Prosecco Frizzante,11.0,0.75,13.99,18.653333333333332,0.5897069335239457
0,Gold Rush Cuvée d'Or Blanc de Blancs Extra Dry,11.0,0.75,13.99,18.653333333333332,0.5897069335239457
0,Ceci 27 Opere Lambrusco Bruscone,11.0,0.75,13.99,18.653333333333332,0.5897069335239457
0,Zonin Prosecco Ice Demi Sec,11.0,0.75,13.99,18.653333333333332,0.5897069335239457
0,Canti Millesimato Prosecco Extra Dry 2022,11.0,0.75,13.99,18.653333333333332,0.5897069335239457
0,Verrocchio Prosecco Magnum Extra Dry,11.0,1.5,27.99,18.66,0.5894962486602358
0,Stallhagen US Red Ale,5.5,0.33,3.08,9.333333333333334,0.5892857142857143
0,Mattsson Admiral Imperial Porter,7.0,0.33,3.92,11.878787878787879,0.5892857142857143
0,Glendalough Single Cask Burgundy Finish,42.0,0.7,49.90,71.28571428571429,0.5891783567134268
0,Glendalough Single Cask Madeira Finish,42.0,0.7,49.90,71.28571428571429,0.5891783567134268
0,Skagerrak Nordic Dry Gin muovipullo,44.9,0.04,3.05,76.25,0.5888524590163934
0,Chartreuse,55.0,0.35,32.70,93.42857142857144,0.5886850152905198
0,Strongbow Rosé tölkki,4.0,0.44,2.99,6.795454545454546,0.588628762541806
0,Readers´Rum Preface,40.0,0.5,33.98,67.96,0.5885815185403179
0,Jacob's Creek Double Barrel Shiraz 2020 lahjapakkaus,14.5,0.75,18.48,24.64,0.588474025974026
0,Trisquel Altitud Merlot 2016,14.5,0.75,18.48,24.64,0.588474025974026
0,Claude Chatelier VSOP,40.0,0.5,33.99,67.98,0.5884083553986467
0,Passonovo Primitivo 2022,14.0,0.75,17.85,23.8,0.5882352941176471
0,Knob Creek Small Batch Rye,50.0,0.7,59.50,85.0,0.5882352941176471
0,Mufloni Hazy IPA tölkki,6.0,0.44,4.49,10.204545454545455,0.5879732739420935
0,St. Bernardus Tripel,8.0,0.33,4.49,13.606060606060606,0.5879732739420935
0,La Marca Prosecco,10.5,0.75,13.40,17.866666666666667,0.5876865671641791
0,Fat Lizard Splitty Westy West Coast DIPA tölkki,8.0,0.44,5.99,13.613636363636363,0.5876460767946577
0,St. Austell Proper Job,5.5,0.5,4.68,9.36,0.5876068376068376
0,Barefoot White Zinfandel Rosé,9.0,0.75,11.49,15.32,0.5874673629242819
0,Johanninger Ein Schluck Vom Himmel 2020,12.5,0.75,15.96,21.28,0.5874060150375939
0,Manoella Finest Reserve Ruby Porto,19.5,0.75,24.90,33.199999999999996,0.5873493975903615
0,Cune Crianza Magnum 2019,13.5,1.5,34.48,22.986666666666665,0.5872969837587008
0,Jose Cuervo Tradicional Reposado Tequila,38.0,0.7,45.30,64.71428571428571,0.58719646799117
0,The House of Botanicals Old Tom Gin,47.0,0.7,56.04,80.05714285714286,0.5870806566738044
0,René Couly Chinon Rosé 2022,14.0,0.75,17.89,23.853333333333335,0.5869200670765791
0,Hussonet Cabernet Sauvignon Gran Reserva 2019,14.0,0.75,17.89,23.853333333333335,0.5869200670765791
0,Cuvée Antoinette Crémant de Luxembourg Rosé Extra Dry,12.5,0.75,15.98,21.30666666666667,0.5866708385481851
0,Braunewell Pinot Rose Brut 2019,12.5,0.75,15.98,21.30666666666667,0.5866708385481851
0,Mad Dry by Tokaj 2017,12.5,0.75,15.98,21.30666666666667,0.5866708385481851
0,Demuerte White 2019,12.5,0.75,15.98,21.30666666666667,0.5866708385481851
0,Gérard Bertrand Solar 6 Bee Friendly Chardonnay 2020,12.5,0.75,15.98,21.30666666666667,0.5866708385481851
0,Raimat Vol d'Anima Rosé Organic,12.5,0.75,15.98,21.30666666666667,0.5866708385481851
0,Neiss Grauburgunder vom Kalkstein 2021,12.5,0.75,15.98,21.30666666666667,0.5866708385481851
0,Herédias Touriga Franca 2021,12.5,0.75,15.98,21.30666666666667,0.5866708385481851
0,Karl May Pinot Noir 2021,12.5,0.75,15.98,21.30666666666667,0.5866708385481851
0,Planeta Rose 2022,12.5,0.75,15.98,21.30666666666667,0.5866708385481851
0,Szigeti Summer Love Brut,12.5,0.75,15.98,21.30666666666667,0.5866708385481851
0,X-Berg Organic Silvaner 2021,12.5,0.75,15.98,21.30666666666667,0.5866708385481851
0,Little Quino Sauvignon Blanc 2020,12.5,0.75,15.98,21.30666666666667,0.5866708385481851
0,Planeta La Segreta Il Bianco 2022,12.5,0.75,15.98,21.30666666666667,0.5866708385481851
0,Braunewell Riesling Sekt Dry 2020,12.5,0.75,15.98,21.30666666666667,0.5866708385481851
0,Tongue Twister 2019,12.5,0.75,15.98,21.30666666666667,0.5866708385481851
0,Chavin Coteaux d'Aix en Provence Rosé Organic 2022,12.5,0.75,15.98,21.30666666666667,0.5866708385481851
0,Mud House Sauvignon Blanc 2022,12.5,0.75,15.98,21.30666666666667,0.5866708385481851
0,Pongrácz Méthode Cap Classique Brut,12.5,0.75,15.98,21.30666666666667,0.5866708385481851
0,Wolfberger Riesling Bio 2021,12.5,0.75,15.98,21.30666666666667,0.5866708385481851
0,Matua Marlborough Pinot Noir 2021,12.5,0.75,15.98,21.30666666666667,0.5866708385481851
0,Gérard Bertrand Solar 6 Bee Friendly Rosé Grenache 2020,12.5,0.75,15.98,21.30666666666667,0.5866708385481851
0,Scarabus Batch Strength Single Malt,57.0,0.7,68.02,97.17142857142858,0.5865921787709497
0,Små Sure Sour Shot Cola muovipullo,16.4,0.5,13.98,27.96,0.5865522174535049
0,Små Sure Sour Shot Jordbaer muovipullo,16.4,0.5,13.98,27.96,0.5865522174535049
0,Små Gronne Granatable Lakrids Shot muovipullo,16.4,0.5,13.98,27.96,0.5865522174535049
0,Små Sure Bubble Fizz muovipullo,16.4,0.5,13.98,27.96,0.5865522174535049
0,Winzerhof Stahl Silvaner Trocken 2021,12.5,0.75,15.99,21.32,0.5863039399624765
0,Citadelle Gin Réserve,45.2,0.7,53.98,77.11428571428571,0.5861430159318266
0,Santa Julia Chardonnay 2022,12.5,0.187,3.99,21.336898395721928,0.5858395989974937
0,Domaine Les Fumées Blanches Sauvignon Blanc 2022,12.5,0.75,16.01,21.346666666666668,0.5855715178013741
0,Krušovice Imperial,5.0,0.5,4.27,8.54,0.5854800936768151
0,Hendrick's Gin,41.4,0.7,49.50,70.71428571428572,0.5854545454545453
0,Pyynikin Payday Craft Gin,48.0,0.5,41.00,82.0,0.5853658536585366
0,Domaine Labbé Savoie Abymes 2019,11.5,0.75,14.74,19.653333333333332,0.5851424694708277
0,Muteman Mutemaisteri,35.0,0.5,29.91,59.82,0.5850885991307255
0,Penderyn Madeira Finish Single Malt,46.0,0.7,55.04,78.62857142857143,0.5850290697674418
0,Reverdito Barbera d'Alba 2018,14.0,0.75,17.95,23.933333333333334,0.584958217270195
0,Meukow Wild Berry,30.0,0.35,17.95,51.285714285714285,0.584958217270195
0,Soerlie Selection VSOP,40.0,0.7,47.89,68.41428571428573,0.584673209438296
0,Olmeca Altos Reposado Tequila,38.0,0.7,45.50,65.0,0.5846153846153846
0,To Øl Summer Hero IPA tölkki,6.2,0.33,3.50,10.606060606060606,0.5845714285714286
0,Stift Engelszell Gregorius Trappistenbier,10.5,0.33,5.93,17.96969696969697,0.5843170320404723
0,Olvi Hard Seltzer Pink Grapefruit tölkki,6.0,0.33,3.39,10.272727272727273,0.5840707964601769
0,Casa Relvas Redondo 2020,14.0,0.75,17.98,23.973333333333333,0.5839822024471635
0,Kanonkop Kadette Pinotage 2020,14.0,0.75,17.98,23.973333333333333,0.5839822024471635
0,Torres Gran Coronas 2015,14.0,0.375,8.99,23.973333333333333,0.5839822024471635
0,Torres Clos Ancestral 2021,14.0,0.75,17.98,23.973333333333333,0.5839822024471635
0,Bel Colle Langhe Nebbiolo 2020,14.0,0.75,17.98,23.973333333333333,0.5839822024471635
0,Gabriel Meffre Lirac Sainte-Baume 2022,14.0,0.75,17.98,23.973333333333333,0.5839822024471635
0,Cascina Boschetti Gomba Barbera d’Alba 2021,13.5,0.375,8.67,23.12,0.5839100346020761
0,Nekeas Forever Yours Rosé 2020,13.0,0.75,16.70,22.266666666666666,0.5838323353293413
0,Freixenet Carta Nevada Cava Medium Dry,11.5,0.2,3.94,19.7,0.583756345177665
0,Domaine des Tourelles Red 2019,14.0,0.75,17.99,23.986666666666665,0.5836575875486382
0,Fuentespina Roble 7 Meses 2018,14.0,0.75,17.99,23.986666666666665,0.5836575875486382
0,E. Guigal Côtes-du-Rhône Blanc 2021,14.0,0.75,17.99,23.986666666666665,0.5836575875486382
0,Hewitson Le Secateur 2021,14.0,0.75,17.99,23.986666666666665,0.5836575875486382
0,Glen Moray Elgin Heritage 12 Year Old Single Malt,40.0,0.7,47.98,68.54285714285714,0.5835764902042517
0,Papet del Mas Cava Brut,11.5,0.375,7.39,19.706666666666667,0.5835588633288227
0,Four Roses Single Barrel,50.0,0.7,59.98,85.68571428571428,0.5835278426142048
0,Fiskarsin Panimo Luostarin Talvipolku tölkki,6.7,0.33,3.79,11.484848484848484,0.583377308707124
0,König Pilsener,4.9,0.5,4.20,8.4,0.5833333333333334
0,Bruxo X Joven Mezcal,40.0,0.7,48.03,68.61428571428571,0.582968977722257
0,Clarendelle Magnum 2014,13.0,1.5,33.45,22.3,0.5829596412556054
0,Rönnvikin Kostian Kutsu,12.0,0.75,15.44,20.586666666666666,0.5829015544041452
0,Dublin City Gin 42% 70cl,42.0,0.7,50.44,72.05714285714286,0.5828707375099127
0,Bols Raspberry,17.0,0.5,14.59,29.18,0.5825908156271419
0,Hee Joy VSOP Dominican Rum,41.6,0.7,49.99,71.41428571428573,0.5825165033006601
0,Tervapontikka,21.0,0.35,12.62,36.05714285714286,0.5824088748019017
0,Wieninger Höglwörther Glutenfrei,5.8,0.5,4.98,9.96,0.5823293172690762
0,Wieninger Winter Festbier,5.8,0.5,4.98,9.96,0.5823293172690762
0,Ron Aldea Single Estate Eco Rhum 2019,53.0,0.7,63.72,91.02857142857144,0.5822347771500314
0,Bols Watermelon,17.0,0.5,14.60,29.2,0.5821917808219178
0,Pilsner Urquell,4.4,0.5,3.78,7.56,0.5820105820105821
0,Bernard Bohemian Lager,4.9,0.5,4.21,8.42,0.5819477434679335
0,Marston's Old Empire India Pale Ale,5.7,0.5,4.90,9.8,0.5816326530612245
0,Le Philtre Organic Vodka,40.0,0.7,48.15,68.78571428571429,0.5815160955347871
0,Olaf India Pale Ale tölkki,6.0,0.44,4.54,10.318181818181818,0.5814977973568282
0,Mallaskoski Black Imperial Rye,11.4,0.33,6.47,19.606060606060606,0.5814528593508501
0,Gratien & Meyer Crémant de Loire Cuvée Rosé Brut,12.0,0.75,15.48,20.64,0.5813953488372093
0,Gori Refosco Dal Peduncolo Rosso 2016,12.5,0.75,16.13,21.506666666666664,0.5812151270923746
0,Grasso Baldovino Rosato 2020,12.5,0.75,16.13,21.506666666666664,0.5812151270923746
0,Iso-Kallan Katkeruuden Malja Tripel,9.0,0.33,5.11,15.484848484848484,0.5812133072407045
0,Ridgeway ESB,5.8,0.5,4.99,9.98,0.5811623246492985
0,Ridgeway Hamster of Doom,5.8,0.5,4.99,9.98,0.5811623246492985
0,Ridgeway Bad King John,5.8,0.5,4.99,9.98,0.5811623246492985
0,Le Contesse Anna Dolce,9.5,0.75,12.27,16.36,0.5806845965770171
0,Lunar Apogé Côtes du Rhône 2020,13.0,0.75,16.80,22.400000000000002,0.5803571428571428
0,Tuori Cask & Spirit muovipullo,32.0,0.35,19.30,55.142857142857146,0.5803108808290155
0,Königsmosel Riesling 2022,8.5,0.75,10.99,14.653333333333334,0.5800727934485896
0,Ron Mulata de Cuba 7 Añejo,38.0,0.7,45.86,65.51428571428572,0.5800261665939817
0,Edna Valley Central Coast Chardonnay 2020,13.9,0.75,17.98,23.973333333333333,0.5798109010011123
0,Lillet Rosé,17.0,0.75,21.99,29.319999999999997,0.5798090040927695
0,Lillet,17.0,0.75,21.99,29.319999999999997,0.5798090040927695
0,Tuori Original Gin,45.5,0.5,39.24,78.48,0.5797655453618756
0,Caldas Tinto 2017,14.0,0.75,18.12,24.16,0.5794701986754967
0,Mallassepät Way of The TIPA Triple IPA tölkki,10.5,0.33,5.98,18.12121212121212,0.5794314381270903
0,Freixenet Prosecco Extra Dry,11.0,0.75,14.24,18.986666666666668,0.5793539325842696
0,Fink & Kotzian Ried Hintern Dorf Grüner Veltliner  2019,13.0,0.75,16.83,22.439999999999998,0.5793226381461676
0,Codorníu Ars Collecta Organic Cava Brut,11.5,0.75,14.89,19.853333333333335,0.5792478173270651
0,Blanc Mariner Xarel-lo Chardonnay 2022,11.5,0.75,14.89,19.853333333333335,0.5792478173270651
0,La Trappe Dubbel,7.0,0.33,3.99,12.090909090909092,0.5789473684210525
0,Saint Clair Grüner Veltliner 2018,13.5,0.75,17.49,23.319999999999997,0.5789022298456261
0,El Esteco Blanc de Blancs 2021,13.5,0.75,17.49,23.319999999999997,0.5789022298456261
0,Zenato Lugana San Benedetto 2022,13.5,0.75,17.49,23.319999999999997,0.5789022298456261
0,Surani Heracles Primitivo 2014,13.5,0.75,17.49,23.319999999999997,0.5789022298456261
0,Château Pech-Latt 2019,14.0,0.75,18.14,24.186666666666667,0.5788313120176406
0,Fiero Becco 2018,14.5,0.75,18.79,25.05333333333333,0.5787653006918574
0,Becker Roster Rot  2014,13.5,1.5,34.99,23.326666666666668,0.5787367819376964
0,Scandinavian Kulta Terwa,23.0,0.2,7.95,39.75,0.5786163522012578
0,Spier Seaward Sauvignon Blanc 2021,13.5,0.75,17.50,23.333333333333332,0.5785714285714286
0,Põhjala Gimme Danger,10.5,0.33,5.99,18.151515151515152,0.5784641068447413
0,Põhjala Öö,10.5,0.33,5.99,18.151515151515152,0.5784641068447413
0,Hee Joy VSOP Rum Jamaica,41.3,0.7,49.99,71.41428571428573,0.5783156631326264
0,Lepaan Anna,11.0,0.75,14.27,19.026666666666667,0.578135949544499
0,Malat Riesling Kellergärten 2021,12.5,0.75,16.22,21.626666666666665,0.5779901356350186
0,Margnat Generation 2019,13.0,0.75,16.87,22.493333333333336,0.5779490219324244
0,Jaume Serra Cava Brut Nature,11.5,0.2,3.98,19.9,0.577889447236181
0,Codorníu Clasico Cava Sec Organic,11.5,0.2,3.98,19.9,0.577889447236181
0,Mont-Ferrant Tradició Cava Brut,11.5,0.2,3.98,19.9,0.577889447236181
0,Talisker 10 Year Old Single Malt,45.8,0.7,55.48,79.25714285714285,0.5778658976207642
0,Vallaton Päärynäkermalikööri muovipullo,15.0,0.5,12.98,25.96,0.5778120184899845
0,Koskenkorva Hard Juice Red Berries muovipullo,15.0,0.5,12.98,25.96,0.5778120184899845
0,Bella Gracia Extra Seco,10.0,0.75,12.98,17.30666666666667,0.5778120184899845
0,Postrižinské Bogan Lager,5.5,0.5,4.76,9.52,0.5777310924369748
0,Arctic Blue Gin lahjapakkaus,46.2,0.5,39.99,79.98,0.5776444111027756
0,De Kuyper The Original Peachtree,15.0,0.5,12.99,25.98,0.5773672055427251
0,Laphroaig Select Single Malt,40.0,0.7,48.50,69.28571428571429,0.5773195876288659
0,Plantation Sealander,40.0,0.7,48.50,69.28571428571429,0.5773195876288659
0,Reviseur VSOP,40.0,0.7,48.50,69.28571428571429,0.5773195876288659
0,Apulanta KuohAri Cava Brut,11.5,0.75,14.94,19.919999999999998,0.5773092369477912
0,Domaine Houchart Rosé 2021,13.0,0.75,16.89,22.52,0.5772646536412078
0,Los Tres Toños Reposado Tequila,38.0,0.7,46.08,65.82857142857144,0.5772569444444444
0,Vicarage Lane Bubbly Chardonnay & Pinot Noir Brut 2023,13.0,0.75,16.90,22.53333333333333,0.576923076923077
0,Kronenbourg 1664 Blanc,5.0,0.33,2.86,8.666666666666666,0.576923076923077
0,Prantner Cserszegi Füszeres 2020,12.5,0.75,16.25,21.666666666666668,0.5769230769230769
0,Mallaskoski Double Dry Hopped Double IPA,7.5,0.33,4.29,13.0,0.5769230769230769
0,Ruggeri Prosecco Rosé Brut 2022,11.5,0.75,14.95,19.933333333333334,0.5769230769230769
0,La Trappe Isid'or,7.5,0.33,4.29,13.0,0.5769230769230769
0,Bols Banana,17.0,0.5,14.74,29.48,0.576662143826323
0,Happy Joe Dry Apple Cider tölkki,4.7,0.33,2.69,8.15151515151515,0.5765799256505577
0,Villa Wolf Pinot Noir Rose 2020,11.5,0.375,7.48,19.94666666666667,0.5765374331550801
0,Crudo Organic Sparkling Wine Extra Dry tölkki,11.5,0.2,3.99,19.95,0.5764411027568922
0,Secret Garden Rhubarb,6.9,0.75,8.98,11.973333333333334,0.5762806236080178
0,Kyrö Cranberry Long Drink tölkki,5.5,0.33,3.15,9.545454545454545,0.5761904761904763
0,Kaufmann Spätburgunder 2018,13.5,0.75,17.58,23.439999999999998,0.5759385665529011
0,Rye River Nocturne Export Stout,6.0,0.5,5.21,10.42,0.5758157389635317
0,Pazzione Cava by Pernilla Wahlgren Organic Extra Brut,11.5,0.75,14.98,19.973333333333333,0.5757676902536716
0,Immel Bio Riesling Trocken 2021,11.5,0.75,14.98,19.973333333333333,0.5757676902536716
0,Billebeino Riesling 2022,11.5,0.75,14.98,19.973333333333333,0.5757676902536716
0,Ramon Canals Reserva Numerada Cava Seco 2019,11.5,0.75,14.98,19.973333333333333,0.5757676902536716
0,MIM Reserva Cava Brut,11.5,0.75,14.98,19.973333333333333,0.5757676902536716
0,Himmel Riesling Feinherb 2021,11.5,0.75,14.98,19.973333333333333,0.5757676902536716
0,Bickel Stumpf Von den Bergen Silvaner Trocken 2022,11.5,0.75,14.98,19.973333333333333,0.5757676902536716
0,Fleur de Vignoble Crémant de Bordeaux Brut,11.5,0.75,14.98,19.973333333333333,0.5757676902536716
0,Cygnus Albireo Organic Cava Brut,11.5,0.75,14.98,19.973333333333333,0.5757676902536716
0,Château de Durette Juliénas Colline des Mouilles 2022,14.5,0.75,18.89,25.186666666666667,0.5757014293276866
0,After Rum,42.0,0.5,36.48,72.96,0.5756578947368421
0,Château Puybarbe Astral 2019,14.5,0.75,18.90,25.2,0.5753968253968255
0,Dal Cero Selverello Cortona 2017,14.5,0.75,18.90,25.2,0.5753968253968255
0,North Brewing Ultra Phase Double IPA tölkki,8.5,0.44,6.50,14.772727272727273,0.5753846153846154
0,Corvezzo Organic Prosecco Rosé Brut 2022,11.5,0.75,14.99,19.986666666666668,0.5753835890593729
0,Tamellini Soave 2022,11.5,0.75,14.99,19.986666666666668,0.5753835890593729
0,Fogt Onkel Doktor Scheurebe Riesling 2022,11.5,0.75,14.99,19.986666666666668,0.5753835890593729
0,Soalheiro Mar,11.5,0.75,14.99,19.986666666666668,0.5753835890593729
0,Frank Sant Thias Grüner Veltliner 2022,11.5,0.75,14.99,19.986666666666668,0.5753835890593729
0,La Jara Organic Prosecco Brut,11.5,0.75,14.99,19.986666666666668,0.5753835890593729
0,The Old Curiosity Geranium & Mallow Gin,46.0,0.5,39.98,79.96,0.575287643821911
0,That Boutique-y Gin Company Rhubarb Triangle Gin,46.0,0.5,39.99,79.98,0.5751437859464866
0,Alahovin Hilikunmakkee Valkoinen Viinimarjaviini,12.0,0.75,15.65,20.866666666666667,0.5750798722044729
0,Juvé y Camps Cinta Púrpura Reserva Cava Semi Seco 2018,12.0,0.75,15.65,20.866666666666667,0.5750798722044729
0,Alahovin Hilikunkuiva Valkoinen Viinimarjaviini,12.0,0.75,15.65,20.866666666666667,0.5750798722044729
0,Nardini Tagliatella,35.0,0.7,42.61,60.871428571428574,0.5749823984980051
0,Ballantine's Finest muovipullo,40.0,0.05,3.48,69.6,0.574712643678161
0,Sister Isles Wine Barrel Reserva Rhum,40.0,0.7,48.73,69.61428571428571,0.5745947055202134
0,Sand Tropez 2021,13.0,0.75,16.97,22.626666666666665,0.5745433117265764
0,Louis Max Beaucharme Chardonnay 2016,12.5,0.75,16.32,21.76,0.5744485294117647
0,Camparo Langhe Rosso 2019,13.5,0.75,17.63,23.506666666666664,0.5743051616562678
0,Tornion Belgi Dubbel Ale tölkki,6.5,0.44,4.98,11.318181818181818,0.5742971887550201
0,Wicklow Wolf Heff Bezos tölkki,6.5,0.44,4.98,11.318181818181818,0.5742971887550201
0,Tariquet VSOP Pot Gascon,40.0,2.5,174.13,69.652,0.5742835812324125
0,Grappa Il Moscato di Nonino,41.0,0.7,49.98,71.4,0.5742296918767507
0,The Wanderer Malbec,13.0,0.75,16.98,22.64,0.5742049469964664
0,Rotaliana Trentino Pinot Nero 2020,13.0,0.75,16.98,22.64,0.5742049469964664
0,Keppo Imperial Stout,9.5,0.33,5.46,16.545454545454543,0.5741758241758242
0,Becker Riesling Trocken 2022,12.0,1.0,20.90,20.9,0.5741626794258373
0,Speyburn 10 Year Old Single Malt,40.0,0.7,48.78,69.6857142857143,0.5740057400574005
0,Mallassepät Tiramisu Stout tölkki,10.4,0.33,5.98,18.12121212121212,0.5739130434782609
0,Biohof Pratsch Grüner Veltliner Rotenpüllen 2022,13.0,0.75,16.99,22.653333333333332,0.57386698057681
0,Insight Single Vineyard Sauvignon Blanc 2022,13.0,0.75,16.99,22.653333333333332,0.57386698057681
0,Blanc d'Enguera 2022,13.0,0.75,16.99,22.653333333333332,0.57386698057681
0,Tbilvino Mukuzani 2020,13.0,0.75,16.99,22.653333333333332,0.57386698057681
0,Masi Masianco Pinot Grigio Verduzzo 2021,13.0,0.75,16.99,22.653333333333332,0.57386698057681
0,Carpineto Dogajolo 2018,13.0,0.75,16.99,22.653333333333332,0.57386698057681
0,Freiherr von Göler Pinot Noir 2019,13.0,0.75,16.99,22.653333333333332,0.57386698057681
0,Frey Katharinenhof Pinot Blanc 2021,13.0,0.75,16.99,22.653333333333332,0.57386698057681
0,Fernand Engel Pinot Blanc Réserve 2022,13.0,0.75,16.99,22.653333333333332,0.57386698057681
0,San Cassiano Soave 2020,13.0,0.75,16.99,22.653333333333332,0.57386698057681
0,Helfrich Gewürztraminer 2022,13.0,0.75,16.99,22.653333333333332,0.57386698057681
0,Villa Maria Blush Sauvignon 2021,13.0,0.75,16.99,22.653333333333332,0.57386698057681
0,Penfolds Koonunga Hill Shiraz Cabernet 2021,14.5,0.375,9.48,25.28,0.5735759493670886
0,Gaïa de Château Puybarbe 2019,14.5,0.375,9.48,25.28,0.5735759493670886
0,Glen Elgin 12 Year Old Single Malt,43.0,0.7,52.48,74.97142857142858,0.5735518292682926
0,Glenkinchie 12 Year Old Single Malt,43.0,0.7,52.48,74.97142857142858,0.5735518292682926
0,Busnel 12 Ans Calvados,43.0,0.7,52.48,74.97142857142858,0.5735518292682926
0,Aqui Oaked Special Selection Syrah 2021,14.5,0.75,18.97,25.293333333333333,0.573273589878756
0,Salama Neo-Elektro NEIPA tölkki,6.5,0.44,4.99,11.340909090909092,0.5731462925851702
0,Westmalle Tripel,9.5,0.33,5.47,16.575757575757574,0.5731261425959782
0,Dugges Electro West Coast DIPA tölkki,8.0,0.5,6.98,13.96,0.5730659025787965
0,Arid 2019,14.5,0.75,18.98,25.30666666666667,0.5729715489989462
0,The Wanted ZIN Gold Rush Zinfandel 2020,14.5,0.75,18.98,25.30666666666667,0.5729715489989462
0,Petit Clos by Clos Henri Sauvignon Blanc 2018,14.5,0.75,18.98,25.30666666666667,0.5729715489989462
0,Hewitson Madame M 2021,14.5,0.75,18.98,25.30666666666667,0.5729715489989462
0,Three Finger Jack Gold Mine Hills Chardonnay 2020,14.5,0.75,18.98,25.30666666666667,0.5729715489989462
0,Capcanes Peraj Petita 2017,14.5,0.75,18.98,25.30666666666667,0.5729715489989462
0,Jaloviina Muuli tölkki,5.0,0.33,2.88,8.727272727272727,0.5729166666666667
0,Uiltje Dr. Raptor Imperial IPA tölkki,9.2,0.33,5.30,16.06060606060606,0.5728301886792453
0,Andechser Hell,4.8,0.5,4.19,8.38,0.5727923627684963
0,Agustí Torelló Mata Reserva Cava Brut 2019,11.5,0.75,15.06,20.080000000000002,0.5727091633466135
0,Perelada 5 Finques Reserva 2018,14.5,0.75,18.99,25.319999999999997,0.5726698262243287
0,Three Finger Jack Old Vine Zinfandel 2020,14.5,0.75,18.99,25.319999999999997,0.5726698262243287
0,Demuerte 2020,14.5,0.75,18.99,25.319999999999997,0.5726698262243287
0,Carmen Gran Reserva Carignan 2017,14.5,0.75,18.99,25.319999999999997,0.5726698262243287
0,Torre de Golbán Crianza 2019,14.5,0.75,18.99,25.319999999999997,0.5726698262243287
0,Teerenpeli Pyygin,45.0,0.5,39.30,78.6,0.5725190839694657
0,Meukow Vanilla,30.0,0.5,26.20,52.4,0.5725190839694657
0,Moselland Ars Vitis Riesling 2021,8.0,0.75,10.48,13.973333333333334,0.5725190839694656
0,Tampere Gin,47.0,0.5,41.05,82.1,0.5724725943970768
0,Labiette Castille XO Bas-Armagnac,40.0,0.5,34.94,69.88,0.5724098454493418
0,Passoã Passion Fruit,17.0,0.7,20.79,29.7,0.5723905723905724
0,Vicarage Lane Canterbury Pinot Noir 2021,13.5,0.75,17.70,23.599999999999998,0.5720338983050848
0,Rocky Porkkanakakku Glögg,8.0,0.75,10.49,13.986666666666666,0.5719733079122974
0,St. Bernardus Prior 8,8.0,0.75,10.49,13.986666666666666,0.5719733079122974
0,Tariquet Hors d'Age Bas-Armagnac,40.0,0.5,34.99,69.98,0.5715918833952558
0,Warner’s London Dry Gin,40.0,0.7,48.99,69.9857142857143,0.5715452133088385
0,Ron Aldea Maestro Añada Rhum 2009,40.0,0.7,48.99,69.9857142857143,0.5715452133088385
0,Gustav Tilli Vodka,40.0,0.05,3.50,70.0,0.5714285714285714
0,Titento Pinot Grigio 2021,12.0,0.75,15.75,21.0,0.5714285714285714
0,Brockmans Gin,40.0,0.7,49.00,70.0,0.5714285714285714
0,Stone IPA tölkki,6.9,0.355,4.29,12.084507042253522,0.570979020979021
0,Singha,5.0,0.33,2.89,8.757575757575758,0.5709342560553633
0,Bertagnolli Grappa di Nosiola Trentino,40.0,0.2,14.02,70.1,0.5706134094151213
0,Rutte Celery Dry Gin,43.0,0.7,52.76,75.37142857142857,0.5705079605761941
0,Glen Garioch 1797 Founder's Reserve,48.0,0.7,58.90,84.14285714285715,0.5704584040747028
0,Dalva Rose Port,19.0,0.75,24.98,33.306666666666665,0.5704563650920736
0,Bivrost Vodka,40.0,0.5,35.06,70.12,0.5704506560182544
0,Tullibardine 228 Burgundy Cask Finish Single Malt,43.0,0.7,52.78,75.4,0.5702917771883289
0,Tullibardine 500 Sherry Cask Finish Single Malt,43.0,0.7,52.78,75.4,0.5702917771883289
0,Tullibardine 225 Sauternes Cask Finish Single Malt,43.0,0.7,52.78,75.4,0.5702917771883289
0,Mufloni Islay Imperial Stout tölkki,11.0,0.44,8.49,19.295454545454547,0.5700824499411071
0,Von Buhl Bone Dry Riesling 2022,12.0,0.75,15.79,21.05333333333333,0.5699810006333123
0,Weiherer Bock,6.6,0.5,5.79,11.58,0.5699481865284973
0,Ollinmäen Puolukkalikööriä,21.0,0.35,12.90,36.85714285714286,0.569767441860465
0,Maschio Prosecco Extra Dry Biologico,11.0,0.75,14.49,19.32,0.5693581780538303
0,Save Water Drink Riesling Feinherb 2022,11.0,0.75,14.49,19.32,0.5693581780538303
0,Tosti Butterfly Demi-Sec,7.5,0.75,9.89,13.186666666666667,0.5687563195146612
0,Domäne Wachau Gelber Muskateller Terrassen 2019,12.5,0.75,16.49,21.986666666666665,0.5685263796240146
0,Jurtschitsch Platin Riesling 2022,12.5,0.75,16.49,21.986666666666665,0.5685263796240146
0,Gérard Bertrand Naturae Organic Chardonnay 2022,12.5,0.75,16.49,21.986666666666665,0.5685263796240146
0,Barton & Guestier Tourmaline Côtes de Provence 2021,12.5,0.75,16.49,21.986666666666665,0.5685263796240146
0,Rotari Riserva Brut 2017,12.5,0.75,16.49,21.986666666666665,0.5685263796240146
0,Niepoort Dão Rotulo Tinto 2019,12.5,0.75,16.49,21.986666666666665,0.5685263796240146
0,Rotari Gran Rosé Brut 2017,12.5,0.75,16.49,21.986666666666665,0.5685263796240146
0,Engine Pure Organic Gin tölkki,42.0,0.5,36.95,73.9,0.5683355886332881
0,Pure Nordic Distillery Dark Gin,54.0,0.5,47.51,95.02,0.5683014102294254
0,Tenuta Marsiliana Birillo 2019,14.0,0.75,18.48,24.64,0.5681818181818181
0,Valvirginio Collerosso Chianti Colli Fiorentini 2018,14.0,0.75,18.48,24.64,0.5681818181818181
0,Trisquel  Series Cabernet Sauvignon 2020,14.0,0.75,18.48,24.64,0.5681818181818181
0,Susana Balbo Crios Malbec 2021,14.0,0.75,18.48,24.64,0.5681818181818181
0,Kolima Pontikka,42.0,0.5,36.96,73.92,0.5681818181818181
0,Flying Solo Rose 2022,12.5,0.75,16.51,22.013333333333335,0.5678376741368867
0,Monte Del Frá Bardolino 2022,12.5,0.75,16.51,22.013333333333335,0.5678376741368867
0,Junimperium Blended Dry Gin,45.0,0.7,55.50,79.28571428571429,0.5675675675675675
0,Sori Dark Humor Club Oak Aged Winter Special tölkki,10.3,0.33,5.99,18.151515151515152,0.5674457429048414
0,Williams GB Extra Dry Gin,40.0,0.7,49.35,70.5,0.5673758865248227
0,Nikka Days,40.5,0.7,49.98,71.4,0.5672268907563025
0,To Øl Cryo Out Loud Triple IPA tölkki,10.3,0.44,7.99,18.15909090909091,0.5672090112640801
0,Parajes del Valle Monastrell Ecológico 2021,13.0,0.75,17.19,22.92,0.5671902268760907
0,Bols Pink Grapefruit,17.0,0.5,14.99,29.98,0.5670446964643095
0,La Grande Josiane Liqueur d'Armagnac à l'Orange,36.0,0.7,44.45,63.50000000000001,0.5669291338582676
0,Tsiakkas Xynisteri 2020,13.0,0.75,17.20,22.933333333333334,0.5668604651162791
0,Sori Hybrid Treats Espresso & Mudcake Imperial Pastry Stout tölkki,12.0,0.33,6.99,21.18181818181818,0.5665236051502146
0,Sori Hybrid Treats Apple Strudel & Salted Caramel Imperial Pastry Stout tölkki,12.0,0.33,6.99,21.18181818181818,0.5665236051502146
0,Harahorn Norwegian Small Batch Gin,46.0,0.5,40.60,81.2,0.5665024630541872
0,Vall Dolina Nuet 2018,12.5,0.75,16.55,22.066666666666666,0.5664652567975831
0,Etz Sauvignon Blanc Ried Bleckenweg 2017,12.0,0.75,15.89,21.186666666666667,0.5663939584644431
0,Etz Rivaner 2018,12.0,0.75,15.89,21.186666666666667,0.5663939584644431
0,Bianchi Extra Brut,12.0,0.75,15.89,21.186666666666667,0.5663939584644431
0,Schmitges Riesling Trocken 2021,12.0,1.0,21.19,21.19,0.5663048607833884
0,Limoncello Pronol,21.0,0.35,12.98,37.08571428571429,0.5662557781201849
0,Walter Wiener Gemischter Satz 2022,12.0,0.75,15.90,21.2,0.5660377358490566
0,Karl Schaefer Sonnentropfen Trocken 2020,12.0,0.75,15.90,21.2,0.5660377358490566
0,Bertani Valpolicella 2021,12.0,0.75,15.90,21.2,0.5660377358490566
0,Leth St. Laurent Reserve 2020,13.5,0.75,17.89,23.853333333333335,0.5659586361095583
0,Bloom Premium London Dry Gin,40.0,0.7,49.48,70.68571428571428,0.5658852061438966
0,Vale D. Maria Douro Superior 2021,13.5,0.75,17.90,23.866666666666664,0.5656424581005587
0,Château Pey La Tour Réserve du Château 2019,15.0,0.75,19.90,26.53333333333333,0.5653266331658292
0,Tenuta Pianpolvere Dolcetto d'Alba Superiore 2016,15.0,0.75,19.90,26.53333333333333,0.5653266331658292
0,Carlin de Paolo Terre Alfieri Nebbiolo 2020,14.0,0.75,18.58,24.77333333333333,0.5651237890204521
0,Pühaste Trinity In Black Imperial Stout tölkki,12.5,0.33,7.30,22.12121212121212,0.565068493150685
0,Jean Loron Côte-de-Brouilly Les Esnards 2020,14.0,0.75,18.59,24.786666666666665,0.5648197955890264
0,Jacob's Creek Double Barrel Cabernet Sauvignon 4th vintage,14.3,0.75,18.99,25.319999999999997,0.5647709320695103
0,La Trappe Blond,6.5,0.33,3.80,11.515151515151514,0.5644736842105263
0,Stallhagen Bock Lager,5.2,0.33,3.04,9.212121212121211,0.5644736842105263
0,Mugler Scheurebe Trocken 2018,11.0,0.75,14.62,19.493333333333332,0.564295485636115
0,Les Hauts De Rocheville Saumur Chenin Blanc 2017,14.0,0.75,18.62,24.826666666666668,0.5639097744360902
0,Helle Mimosa Frizzante,6.0,0.75,7.98,10.64,0.5639097744360902
0,Osborne Fino Quinta Sherry,15.0,0.375,9.98,26.613333333333333,0.5636272545090181
0,Polz Spiegel Chardonnay 2021,12.0,0.75,15.97,21.293333333333333,0.5635566687539136
0,Duvel,8.5,0.33,4.98,15.090909090909092,0.5632530120481928
0,Neiss Riesling Hochgewächs 2022,12.0,0.75,15.98,21.30666666666667,0.5632040050062578
0,Florio Oltrecento Marsala Superiore Dolce 2017,18.0,0.5,15.98,31.96,0.5632040050062578
0,Alexander Gysler Feldstärke Grauburgunder Trocken 2020,12.0,0.75,15.98,21.30666666666667,0.5632040050062578
0,Rivarose Prestige Brut,12.0,0.75,15.98,21.30666666666667,0.5632040050062578
0,Bernard-Massard Cuvée de l'Ecusson Rosé Brut,12.0,0.75,15.98,21.30666666666667,0.5632040050062578
0,Bougrier Vouvray Confidences 2021,12.0,0.75,15.98,21.30666666666667,0.5632040050062578
0,Pfaff Pinot Noir 2018,12.0,0.75,15.98,21.30666666666667,0.5632040050062578
0,Bellebolle Garda Rosé Millesimato Brut 2021,12.0,0.75,15.98,21.30666666666667,0.5632040050062578
0,Helfrich Riesling 2021,12.0,0.75,15.98,21.30666666666667,0.5632040050062578
0,Leitz Eins-Zwei-Dry Rheingau Riesling 2021,12.0,0.75,15.98,21.30666666666667,0.5632040050062578
0,Deep Roots Finest Selection Organic Riesling 2022,12.0,0.75,15.98,21.30666666666667,0.5632040050062578
0,Braun Weissburgunder Trocken 2022,12.0,0.75,15.98,21.30666666666667,0.5632040050062578
0,Pfaff Crémant d'Alsace Blanc de Blancs Brut,12.0,0.75,15.98,21.30666666666667,0.5632040050062578
0,Ruhlmann-Schutz Muscat Fleur de Printemps 2021,12.0,0.75,15.98,21.30666666666667,0.5632040050062578
0,Korrell Riesling vom Tonmergel 2021,12.0,0.75,15.98,21.30666666666667,0.5632040050062578
0,Kaufmann Hattenheim Riesling trocken 2020,12.0,0.75,15.98,21.30666666666667,0.5632040050062578
0,X-Berg Riesling 2022,12.0,0.75,15.98,21.30666666666667,0.5632040050062578
0,Lumen Reserva Brut 2017,12.0,0.75,15.98,21.30666666666667,0.5632040050062578
0,Laurenz V. Singing Grüner Veltliner 2022,12.0,0.75,15.98,21.30666666666667,0.5632040050062578
0,A. Le Coq Baltic Porter,6.0,0.75,7.99,10.653333333333334,0.5632040050062578
0,Rioja Bordón Crianza 2018,13.5,0.75,17.98,23.973333333333333,0.5631256952169077
0,G.D. Vajra Langhe Rosso 2022,13.5,0.75,17.98,23.973333333333333,0.5631256952169077
0,Belgvardo Vermentino 2022,13.5,0.75,17.98,23.973333333333333,0.5631256952169077
0,Ken Forrester Cabernet Sauvignon Reserve 2021,13.5,0.375,8.99,23.973333333333333,0.5631256952169077
0,Susana Balbo Signature Rosé 2018,13.5,0.75,17.98,23.973333333333333,0.5631256952169077
0,Pocas Tinto 2020,13.5,0.75,17.98,23.973333333333333,0.5631256952169077
0,Quinta do Monte d'Oiro Tinto Organic 2018,13.5,0.75,17.98,23.973333333333333,0.5631256952169077
0,Schneider Tattendorf Pinot Noir 2019,13.5,0.75,17.98,23.973333333333333,0.5631256952169077
0,Vinha da Mina Aragonez 2021,13.5,0.75,17.98,23.973333333333333,0.5631256952169077
0,Jean Leon 3055 Chardonnay 2021,13.5,0.75,17.98,23.973333333333333,0.5631256952169077
0,Casa Relvas Vinha da Mina Aragonez 2021,13.5,0.75,17.98,23.973333333333333,0.5631256952169077
0,Chivite Las Fincas Rosado 2021,13.5,0.75,17.98,23.973333333333333,0.5631256952169077
0,Jean-Baptiste Adam Riesling Terroir Selection 2017,13.5,0.75,17.98,23.973333333333333,0.5631256952169077
0,Antiche Terre Venete Valpolicella Ripasso 2019,13.5,0.75,17.98,23.973333333333333,0.5631256952169077
0,Certosa di Belriguardo Mama Chianti 2020,13.5,0.75,17.98,23.973333333333333,0.5631256952169077
0,Zanovello Ca'Lustra Belvedere Marzemino 2019,13.5,0.75,17.98,23.973333333333333,0.5631256952169077
0,La Guita Manzanilla Sherry,15.0,0.375,9.99,26.64,0.5630630630630631
0,Gemma di Luna Moscato Dolce,7.5,0.75,9.99,13.32,0.5630630630630631
0,Limburgse Witte tölkki,5.0,0.5,4.44,8.88,0.563063063063063
0,Casal Miranda Loureiro Escolha Vinho Verde 2021,10.5,0.75,13.99,18.653333333333332,0.5629020729092209
0,Alberto Nani Frizzante Prosecco Organic,10.5,0.75,13.99,18.653333333333332,0.5629020729092209
0,Meinklang Burgenlandred 2019,12.0,0.75,15.99,21.32,0.5628517823639775
0,Original Long Drink tynnyri,5.5,30.0,293.15,9.771666666666667,0.5628517823639775
0,Regent Altenberg Engelhard 2021,12.0,0.75,15.99,21.32,0.5628517823639775
0,Pedra a Pedra Tinto 2019,13.5,0.75,17.99,23.986666666666665,0.5628126737076153
0,Casa Marin Cartagena Gewurztraminer 2022,13.5,0.75,17.99,23.986666666666665,0.5628126737076153
0,Casa Silva Cool Coast Sauvignon Blanc 2018,13.5,0.75,17.99,23.986666666666665,0.5628126737076153
0,American Gothic Lodi Cabernet Sauvignon 2021,13.5,0.75,17.99,23.986666666666665,0.5628126737076153
0,Pirkka Valpolicella Ripasso Superiore 2018,13.5,0.75,17.99,23.986666666666665,0.5628126737076153
0,Barón de Ley Varietal Maturana 2018,15.0,0.75,19.99,26.653333333333332,0.5627813906953477
0,Quinta do Espirito Santo Reserva  2016,15.0,0.75,19.99,26.653333333333332,0.5627813906953477
0,M. Chapoutier Les Gadilles Rasteau 2021,15.0,0.75,19.99,26.653333333333332,0.5627813906953477
0,M. Chapoutier Tournon Shiraz Mathilda 2022,15.0,0.75,19.99,26.653333333333332,0.5627813906953477
0,Altemura Primitivo di Manduria 2020,15.0,0.75,19.99,26.653333333333332,0.5627813906953477
0,Stellenrust Barrel Selection Cabernet Franc 2020,15.0,0.75,19.99,26.653333333333332,0.5627813906953477
0,Eagle Rare Kentucky Straight Bourbon Whiskey,45.0,0.7,55.99,79.9857142857143,0.5626004643686372
0,Velenosi Passerina Bio,12.5,0.75,16.67,22.22666666666667,0.5623875224955008
0,Finlandia Sahti muovipullo,8.0,0.75,10.67,14.226666666666667,0.5623242736644799
0,Thornbridge Apricity ESB,5.6,0.5,4.98,9.96,0.5622489959839356
0,Frontaal Andreas Tripel tölkki,8.5,0.33,4.99,15.121212121212121,0.5621242484969939
0,Hiisi Ruisperkele Extra IPA,8.5,0.33,4.99,15.121212121212121,0.5621242484969939
0,Luca Bosio Barbera d'Asti 2021,13.5,0.75,18.02,24.026666666666667,0.5618756936736958
0,Hennessy Very Special,40.0,0.35,24.92,71.2,0.5617977528089887
0,Sour Fisk Sour Strawberry,15.0,0.7,18.69,26.700000000000003,0.5617977528089887
0,Ayinger Altbairisch Dunkel,5.0,0.5,4.45,8.9,0.5617977528089887
0,Mufloni CCCC NEIPA tölkki,6.0,0.44,4.70,10.681818181818182,0.5617021276595745
0,Jean Loron Terra Occitana Cinsault Rose 2021,12.5,0.75,16.70,22.266666666666666,0.561377245508982
0,Balbiano Surpreisa 2018,13.5,0.75,18.04,24.05333333333333,0.5612527716186253
0,Castel Greve Chianti Classico 2018,13.5,0.75,18.04,24.05333333333333,0.5612527716186253
0,Prince Hubert de Polignac VS,40.0,0.7,49.89,71.27142857142857,0.5612347163760273
0,Coquerel XO Calvados,40.0,0.7,49.90,71.28571428571429,0.561122244488978
0,Hell Or High Water Rum XO,40.0,0.7,49.90,71.28571428571429,0.561122244488978
0,Château des Poupets Juliénas 2021,13.0,0.75,17.39,23.186666666666667,0.5606670500287522
0,Alberto Nani Prosecco Organic Extra Dry Magnum,11.0,1.5,29.44,19.62666666666667,0.560461956521739
0,Monnet VSOP,40.0,0.35,24.98,71.37142857142858,0.5604483586869495
0,Zelanos Misket 2018,12.5,0.75,16.73,22.30666666666667,0.5603705917513448
0,Gin Monsieur,43.7,0.7,54.59,77.9857142857143,0.5603590401172376
0,Helsinki Dry Gin,47.0,0.5,41.94,83.88,0.5603242727706247
0,Barudi Syrah Merlot 2020,14.0,0.75,18.74,24.986666666666665,0.560298826040555
0,Turmeon Pink Velvet Gin,40.0,0.7,49.98,71.4,0.5602240896358543
0,Jean-Luc Pasquet L´Organic 04,40.0,0.7,49.98,71.4,0.5602240896358543
0,I Am Vodka,40.0,0.7,49.98,71.4,0.5602240896358543
0,G'Vine Floraison Gin,40.0,0.7,49.98,71.4,0.5602240896358543
0,Blue Velvet Violet Gin,40.0,0.7,49.98,71.4,0.5602240896358543
0,Saimaa Yes Yes Dry Apple tölkki,5.5,0.33,3.24,9.818181818181818,0.5601851851851852
0,Warner`s Honeybee Gin,40.0,0.7,49.99,71.41428571428573,0.5601120224044808
0,The Deacon,40.0,0.7,49.99,71.41428571428573,0.5601120224044808
0,Bache Gabrielsen American Oak,40.0,0.7,49.99,71.41428571428573,0.5601120224044808
0,Apothicaire de L'Armagnac Baco & Ugni Blanc 10 ans,40.0,0.7,49.99,71.41428571428573,0.5601120224044808
0,Larsen VSOP,40.0,0.7,49.99,71.41428571428573,0.5601120224044808
0,Hardy Fine Champagne VSOP,40.0,0.7,49.99,71.41428571428573,0.5601120224044808
0,Monkey Shoulder Smokey Monkey Blended Malt,40.0,0.7,49.99,71.41428571428573,0.5601120224044808
0,Gentleman Jack,40.0,0.7,49.99,71.41428571428573,0.5601120224044808
0,Hennessy Very Special lahjapakkaus,40.0,0.7,49.99,71.41428571428573,0.5601120224044808
0,Renault Avec,40.0,0.7,49.99,71.41428571428573,0.5601120224044808
0,Santomè Anna 6 2021,11.5,0.75,15.40,20.533333333333335,0.560064935064935
0,Lofotpils Shattered Dreams DIPA tölkki,7.0,0.44,5.50,12.5,0.56
0,San Gaetano Primitivo di Manduria Riserva 2019,15.0,0.75,20.09,26.786666666666665,0.5599800895968143
0,Duvel 6,6.6,0.33,3.89,11.787878787878787,0.5598971722365038
0,La Gioiosa Prosecco Rosé Millesimato Brut 2022,11.0,0.375,7.37,19.653333333333332,0.5597014925373135
0,La Gioiosa Prosecco Dry,11.0,0.375,7.37,19.653333333333332,0.5597014925373135
0,Château Malvat 2016,13.5,0.75,18.09,24.12,0.5597014925373134
0,Teerenpeli Julma Juho,7.7,0.33,4.54,13.757575757575758,0.5596916299559471
0,Méry Melrose VSOP Grande Champagne Organic,40.0,0.7,50.05,71.5,0.5594405594405595
0,Früh Kölsch tölkki,4.8,0.5,4.29,8.58,0.5594405594405594
0,Chartreuse Jaune,43.0,0.7,53.85,76.92857142857143,0.5589600742804085
0,Fat Lizard 51 Roadkill IPA tynnyri,6.5,20.0,232.67,11.6335,0.5587312502686208
0,Leth Riesling Alte Reben 2022,12.5,0.75,16.78,22.373333333333335,0.5587008343265792
0,Bache Gabrielsen Dry & Rustic VSOP,40.0,0.7,50.16,71.65714285714286,0.5582137161084529
0,Fleurs de Prairie Rosé 2022,12.5,0.75,16.80,22.400000000000002,0.5580357142857142
0,Etz Rosé 2019,12.5,0.75,16.80,22.400000000000002,0.5580357142857142
0,La Selva Sangiovese Bianco 2016,12.5,0.75,16.80,22.400000000000002,0.5580357142857142
0,Stone Delicious Double IPA tölkki,9.4,0.355,5.98,16.845070422535212,0.5580267558528428
0,Los Losares 2018,14.5,0.75,19.49,25.986666666666665,0.5579784504874294
0,Zanchi Arvore Grechetto 2019,12.0,0.75,16.13,21.506666666666664,0.5579665220086796
0,Valpolicella Ripasso Superiore Ca´Vendri Magnum 2019,14.5,1.5,38.99,25.993333333333336,0.5578353423954859
0,Seppeltsfield Barossa Shiraz 2021,14.8,0.75,19.90,26.53333333333333,0.5577889447236182
0,Serra da Estrela Albariño 2022,13.0,0.75,17.48,23.30666666666667,0.5577803203661327
0,Lyrarakis Vidiano 2022,13.0,0.75,17.48,23.30666666666667,0.5577803203661327
0,Lyrarakis Psarades Plytó 2022,13.0,0.75,17.48,23.30666666666667,0.5577803203661327
0,Bivrost Akvavit,40.0,0.5,35.86,71.72,0.5577244841048522
0,El Esteco Blanc de Noir 2022,13.0,0.75,17.49,23.319999999999997,0.5574614065180103
0,Fragas Do Lecer Godello 2022,13.0,0.75,17.49,23.319999999999997,0.5574614065180103
0,Tampere GIN Summer Edition,47.0,0.5,42.16,84.32,0.5574003795066415
0,Mallaskoski Cerberos Bourbon Barrel Aged Imperial Stout,11.8,0.33,6.99,21.18181818181818,0.5570815450643778
0,Il Colombaio San Cirino Chianti Colli Senesi 2021,14.0,0.75,18.85,25.133333333333336,0.5570291777188329
0,Château d'Aqueria Tavel Rosé 2022,14.0,0.75,18.85,25.133333333333336,0.5570291777188329
0,Baron Von Nemesis Shiraz 2021,14.5,0.75,19.53,26.040000000000003,0.5568356374807987
0,Steininger Zweigelt 2020,13.5,0.75,18.19,24.253333333333334,0.556624518966465
0,Corona Extra,4.5,0.355,2.87,8.084507042253522,0.5566202090592334
0,Casar de Burbia Hombros 2020,14.5,0.75,19.54,26.05333333333333,0.5565506653019447
0,Kolima Vodka,40.0,0.5,35.94,71.88,0.5564830272676684
0,Ollinmäen Mustaviinimarjalikööri,20.0,0.35,12.58,35.94285714285714,0.5564387917329093
0,Vana Tallinn Ice Cream,16.0,0.5,14.38,28.76,0.5563282336578581
0,Vana Tallinn Coconut Cream,16.0,0.5,14.38,28.76,0.5563282336578581
0,Dow's Nirvana Reserve Port,20.0,0.5,17.98,35.96,0.5561735261401557
0,Ukiyo Japanese Rice Vodka,40.0,0.7,50.36,71.94285714285715,0.5559968228752978
0,Bivrost Arctic Gin,44.0,0.5,39.57,79.14,0.5559767500631791
0,Rémy Pannier Rosé d'Anjou 2022,10.0,0.75,13.49,17.986666666666668,0.5559673832468495
0,Braastad Organic Finest VSOP,40.0,0.5,35.98,71.96,0.5558643690939411
0,Distillerie Moutard Marc Champenois 5 ans,40.0,0.5,35.98,71.96,0.5558643690939411
0,Abasolo Corn Whisky,43.0,0.7,54.16,77.37142857142857,0.5557607090103398
0,Altolandon Rayuelo 2019,14.0,0.75,18.90,25.2,0.5555555555555556
0,Ondarre Reserva 2018,14.0,0.75,18.90,25.2,0.5555555555555556
0,Reverdito Langhe Nebbiolo 2020,14.0,0.75,18.90,25.2,0.5555555555555556
0,Zelanos Pinot Gris 2017,13.0,0.75,17.55,23.400000000000002,0.5555555555555555
0,Frontaal Deer Hunter Imperial Stout tölkki,13.4,0.33,7.96,24.12121212121212,0.5555276381909547
0,Malma Chacra La Papay Pinot Noir 2022,12.5,0.75,16.89,22.52,0.5550621669626998
0,Pasqua Desire Lush & Zin Magnum 2021,13.5,1.5,36.49,24.326666666666668,0.554946560701562
0,Redemption Bourbon,42.0,0.7,52.99,75.7,0.5548216644649934
0,Deltetto Suasì Rosato 2021,12.5,0.75,16.90,22.53333333333333,0.5547337278106509
0,Ti Amo Pinot Grigio 2022,12.5,0.75,16.90,22.53333333333333,0.5547337278106509
0,Calvet Beaujolais 2020,12.5,0.75,16.90,22.53333333333333,0.5547337278106509
0,Anchor for Salty Sailors,22.0,0.75,29.76,39.68,0.5544354838709677
0,Albert Bichot Mr No Sulfite 2021,14.0,0.75,18.94,25.253333333333334,0.5543822597676874
0,Freixenet Cordon Negro Cava Brut,11.5,0.2,4.15,20.75,0.5542168674698795
0,Ruffino Chianti Superiore 2021,15.5,0.75,20.98,27.973333333333333,0.5540991420400382
0,Highland Park Cask Strength Release No. 3 Single Malt,64.1,0.7,80.98,115.6857142857143,0.5540874289948134
0,Verrocchio Prosecco Rosé Extra Dry 2020,11.0,0.75,14.89,19.853333333333335,0.5540631296171927
0,Mionetto Prosecco Magnum Brut,11.0,1.5,29.78,19.853333333333335,0.5540631296171927
0,Raig de Raim Art Wine Vol. 4 2015,13.0,0.75,17.60,23.46666666666667,0.5539772727272727
0,Compass Box Great King St Glasgow Blend,43.0,0.7,54.34,77.62857142857143,0.5539197644460802
0,Asahi Super Dry,5.0,0.33,2.98,9.03030303030303,0.5536912751677853
0,Peroni Nastro Azzurro Gluten Free,5.0,0.33,2.98,9.03030303030303,0.5536912751677853
0,Art of Wine The Kiss Brut,11.0,0.75,14.90,19.866666666666667,0.5536912751677853
0,Logan Weemala Riesling 2020,11.5,0.75,15.58,20.773333333333333,0.553594351732991
0,Mouton Cadet Rouge 2019,13.5,0.75,18.29,24.386666666666667,0.5535811919081465
0,HIFK Red 2018,14.0,0.75,18.97,25.293333333333333,0.5535055350553506
0,Lapin Kulta Pure 2,2.7,0.33,1.61,4.878787878787879,0.553416149068323
0,L'Abrunet de Frisach Blanc 2018,13.5,0.75,18.30,24.400000000000002,0.5532786885245902
0,Gustav Cloudberry Liqueur,21.0,0.5,18.98,37.96,0.553213909378293
0,Cieck Vigna Misobolo 2020,14.0,0.75,18.98,25.30666666666667,0.553213909378293
0,De Kuyper Raspberry,15.0,0.7,18.98,27.114285714285717,0.5532139093782928
0,De Kuyper Blueberry,15.0,0.7,18.98,27.114285714285717,0.5532139093782928
0,De Kuyper Passion Fruit,15.0,0.7,18.98,27.114285714285717,0.5532139093782928
0,Bruno Murciano Parajes del Cabriel 2019,14.5,0.75,19.66,26.213333333333335,0.5531536113936928
0,Clarendelle Blanc 2018,12.5,0.75,16.95,22.599999999999998,0.5530973451327434
0,Menicucci Governo All'Uso Toscano 2020,14.0,0.75,18.99,25.319999999999997,0.5529225908372829
0,Villa Loren Valpolicella Ripasso 2019,14.0,0.75,18.99,25.319999999999997,0.5529225908372829
0,Bolla Le Poiane Valpolicella Ripasso  2018,14.0,0.75,18.99,25.319999999999997,0.5529225908372829
0,Agustinos Gran Terroir Pinot Noir 2019,14.0,0.75,18.99,25.319999999999997,0.5529225908372829
0,Cathedral Cellar Triptych 2019,14.0,0.75,18.99,25.319999999999997,0.5529225908372829
0,Marqués de Cáceres Reserva 2017,14.0,0.75,18.99,25.319999999999997,0.5529225908372829
0,Tagus Creek Cabernet Sauvignon Touriga Nacional Reserva 2017,14.0,0.75,18.99,25.319999999999997,0.5529225908372829
0,Château Bonnet Reserve 2018,14.0,0.75,18.99,25.319999999999997,0.5529225908372829
0,Trivento Golden Reserve Malbec 2020,14.0,0.75,18.99,25.319999999999997,0.5529225908372829
0,Sour Fisk Sour Ice Pear,15.0,0.7,18.99,27.128571428571426,0.5529225908372828
0,Malibu,21.0,0.5,18.99,37.98,0.5529225908372828
0,Sour Fisk Pink & Black,15.0,0.7,18.99,27.128571428571426,0.5529225908372828
0,Mouton Cadet Sauvignon Blanc 2022,12.0,0.75,16.28,21.706666666666667,0.5528255528255528
0,Veuve du Vernay Ice Demi-Sec,11.0,0.2,3.98,19.9,0.5527638190954774
0,Veuve du Vernay Ice Rosé Demi-Sec,11.0,0.2,3.98,19.9,0.5527638190954774
0,Blue Nun Gold Edition,11.0,0.2,3.98,19.9,0.5527638190954774
0,Havana Club Selección de Maestros,45.0,0.7,56.99,81.41428571428573,0.5527285488682224
0,Maku Moko New Zealand IPA tölkki,7.5,0.33,4.48,13.575757575757576,0.5524553571428571
0,Sunny Farm Bubbly White Wine tölkki,11.0,0.25,4.98,19.92,0.5522088353413654
0,Pannonhalmi Rajnai Rizling 2021,12.5,0.75,16.98,22.64,0.5521201413427562
0,Minttu Twist Toffy Popcorn,16.0,0.5,14.49,28.98,0.5521048999309869
0,Minttu Twist Karamel,16.0,0.5,14.49,28.98,0.5521048999309869
0,Minttu Twist Polka,16.0,0.5,14.49,28.98,0.5521048999309869
0,Vall Dolina Rosat 2018,13.0,0.75,17.66,23.546666666666667,0.5520951302378256
0,Happy Joe Extra Dry Pear tölkki,4.5,0.33,2.69,8.15151515151515,0.5520446096654276
0,Happy Joe Extra Dry Apple tölkki,4.5,0.33,2.69,8.15151515151515,0.5520446096654276
0,Jacob's Creek Double Barrel Chardonnay 2021,13.6,0.75,18.48,24.64,0.551948051948052
0,Huyghe Delirium Christmas,10.0,0.33,5.98,18.12121212121212,0.5518394648829431
0,Panimoyhtiö X Jaman Wheat Wine,10.0,0.33,5.98,18.12121212121212,0.5518394648829431
0,Kungfu Girl Riesling 2022,12.5,0.75,16.99,22.653333333333332,0.551795173631548
0,The Dalmatian Dog Pošip 2021,12.5,0.75,16.99,22.653333333333332,0.551795173631548
0,Pfaff Riesling Cuvee Jupiter 2019,12.5,0.75,16.99,22.653333333333332,0.551795173631548
0,Sandro de Bruno Soave 2021,12.5,0.75,16.99,22.653333333333332,0.551795173631548
0,Steininger Cabernet Sauvignon Rosé 2022,12.5,0.75,16.99,22.653333333333332,0.551795173631548
0,King's Bay Sauvignon Blanc Organic 2022,12.5,0.75,16.99,22.653333333333332,0.551795173631548
0,Beck Ink 2021,12.5,0.75,16.99,22.653333333333332,0.551795173631548
0,19 Crimes Snoop Cali Red 2020,12.5,0.75,16.99,22.653333333333332,0.551795173631548
0,Pratsch Riesling Ried Heiligenberg 2022,12.5,0.75,16.99,22.653333333333332,0.551795173631548
0,Martin Codax Marieta Albariño 2022,12.5,0.75,16.99,22.653333333333332,0.551795173631548
0,Shabo Cabernet Sauvignon 2021,12.5,0.75,16.99,22.653333333333332,0.551795173631548
0,Mount Riley Sauvignon Blanc 2022,12.5,0.75,16.99,22.653333333333332,0.551795173631548
0,Weinreich Grauburgunder 2022,12.5,0.75,16.99,22.653333333333332,0.551795173631548
0,Rosa dei Masi 2021,12.5,0.75,16.99,22.653333333333332,0.551795173631548
0,Patricius Tokaj Furmint Dry 2021,12.5,0.75,16.99,22.653333333333332,0.551795173631548
0,Masca del Tacco Susumaniello Rosé 2022,12.5,0.75,16.99,22.653333333333332,0.551795173631548
0,Readers´Gin,44.0,0.5,39.87,79.74,0.5517933283170304
0,Château de Manissy Tavel Trinité 2021,13.5,0.75,18.35,24.46666666666667,0.5517711171662125
0,Slingsby London Dry Gin,42.0,0.7,53.29,76.12857142857143,0.551698254832051
0,Astoria Fashion Victim Rose Extra Dry,11.0,0.75,14.96,19.94666666666667,0.551470588235294
0,Le Contesse Pinot Rosé Cuveé Brut,11.0,0.2,3.99,19.95,0.5513784461152882
0,Citadelle Original Dry Gin muovipullo,44.0,0.05,3.99,79.8,0.5513784461152882
0,Glenglassaugh Evolution Single Malt,50.0,0.7,63.49,90.7,0.5512679162072767
0,Le Purp Original,20.0,0.5,18.14,36.28,0.5512679162072767
0,Antigua Cruz Silver Tequila,40.0,0.35,25.41,72.60000000000001,0.5509641873278236
0,Sori Dark Humor Club The Darkest Roast tölkki,10.0,0.33,5.99,18.151515151515152,0.5509181969949917
0,Sori Dark Humor Club Smoke & Peat tölkki,10.0,0.33,5.99,18.151515151515152,0.5509181969949917
0,Baglietti Rosé No.7 Extra Dry,11.0,0.75,14.98,19.973333333333333,0.5507343124165555
0,Baglietti Prosecco No.10 Extra Dry,11.0,0.75,14.98,19.973333333333333,0.5507343124165555
0,Rosecco Rose Prosecco Extra Dry,11.0,0.75,14.98,19.973333333333333,0.5507343124165555
0,That's Neiss Bubbly Pink Riesling,11.0,0.75,14.98,19.973333333333333,0.5507343124165555
0,Mionetto Vino Biologico Prosecco Extra Dry,11.0,0.75,14.98,19.973333333333333,0.5507343124165555
0,Le Contesse Prosecco Brut Organic,11.0,0.75,14.98,19.973333333333333,0.5507343124165555
0,Mas Pere Rose Cava Brut,11.0,0.75,14.98,19.973333333333333,0.5507343124165555
0,Le Contesse Prosecco Rosé Brut 2021,11.0,0.75,14.98,19.973333333333333,0.5507343124165555
0,Vinícola de Nulles Parabòlic Blanco 2022,11.0,0.75,14.98,19.973333333333333,0.5507343124165555
0,Voga Prosecco Rose Extra Dry 2021,11.0,0.75,14.98,19.973333333333333,0.5507343124165555
0,19 Crimes Snoop Dogg Cali Rosé,11.0,0.75,14.98,19.973333333333333,0.5507343124165555
0,Haute Couture French Bubbles Blanc Dry,11.0,0.75,14.98,19.973333333333333,0.5507343124165555
0,Zonin Prosecco Organic Extra Dry,11.0,0.75,14.98,19.973333333333333,0.5507343124165555
0,Montelvini Prosecco Rose Brut,11.0,0.75,14.98,19.973333333333333,0.5507343124165555
0,Laurenz V. Forbidden 2022,11.0,0.75,14.98,19.973333333333333,0.5507343124165555
0,Zonin 1821 Prosecco Rosé Brut 2020,11.0,0.75,14.98,19.973333333333333,0.5507343124165555
0,Flors Blanques Cava Brut,11.0,0.75,14.98,19.973333333333333,0.5507343124165555
0,Pizzolato Valdobbiadene Prosecco Superiore Biologico Brut 2022,11.0,0.75,14.98,19.973333333333333,0.5507343124165555
0,Pizzolato Prosecco Organic Brut 2022,11.0,0.75,14.98,19.973333333333333,0.5507343124165555
0,Mas Pere Cava Semi Sec,11.0,0.75,14.98,19.973333333333333,0.5507343124165555
0,Rocca 8 Secco Prosecco Extra Dry 2022,11.0,0.75,14.98,19.973333333333333,0.5507343124165555
0,Teeling Single Pot Still,46.0,0.7,58.50,83.57142857142858,0.5504273504273504
0,Pizzolato Organic Rosé Extra Dry Magnum,11.0,1.5,29.98,19.986666666666668,0.5503669112741828
0,Invivo X Unity Prosecco Rosé Extra Dry 2021,11.0,0.75,14.99,19.986666666666668,0.5503669112741828
0,Rocca 8 Secco Rosé Prosecco Extra Dry 2022,11.0,0.75,14.99,19.986666666666668,0.5503669112741828
0,Zonin Prosecco Brut Magnum,11.0,1.5,29.98,19.986666666666668,0.5503669112741828
0,Bervini Prosecco Biologico Extra Dry,11.0,0.75,14.99,19.986666666666668,0.5503669112741828
0,Cavicchioli Vigna del Cristo Lambrusco di Sorbara,11.0,0.75,14.99,19.986666666666668,0.5503669112741828
0,Soalheiro Allo 2021,11.0,0.75,14.99,19.986666666666668,0.5503669112741828
0,Fogt What the Fogt  2021,11.0,0.75,14.99,19.986666666666668,0.5503669112741828
0,Invivo X Unity Prosecco Extra Dry,11.0,0.75,14.99,19.986666666666668,0.5503669112741828
0,Fiskarsin Pikkupässi Kekriolut tölkki,6.0,0.33,3.60,10.909090909090908,0.55
0,Brunehaut Saint Martin Brune,8.0,0.33,4.80,14.545454545454545,0.55
0,Mufloni Vadelma Berliner Weisse tölkki,5.0,0.44,4.00,9.090909090909092,0.5499999999999999
0,Salama Green Freaks New Zealand TIPA tölkki,10.0,0.44,8.00,18.181818181818183,0.5499999999999999
0,Velkeer R39 Pálava Tramín Orange 2021,13.0,0.75,17.74,23.653333333333332,0.5496054114994363
0,AleSmith Speedway Stout tölkki,12.0,0.473,10.33,21.839323467230447,0.5494675701839302
0,Compass Box Great King St Artist's Blend,43.0,0.5,39.13,78.26,0.5494505494505494
0,Baracchi Smeriglio 2018,14.5,0.75,19.80,26.400000000000002,0.5492424242424242
0,Pradorey Adaro 2021,14.5,0.75,19.80,26.400000000000002,0.5492424242424242
0,Relicario Ron Dominicano,40.0,0.7,50.99,72.84285714285716,0.5491272798587957
0,Olmeca Altos Añejo Tequila,40.0,0.7,50.99,72.84285714285716,0.5491272798587957
0,BIP Benjamin Marsala Superiore Riserva Oro 2013,18.0,0.75,24.59,32.78666666666667,0.5490036600244002
0,Tutkielma Savu & Ruis Viina,47.2,0.5,42.99,85.98,0.5489648755524541
0,Blandy's Santa Luzia Madeira,19.0,0.375,12.98,34.61333333333334,0.5489214175654853
0,Marina Espumante Brut,9.5,0.75,12.98,17.30666666666667,0.5489214175654853
0,Bristol Mauritius 5 Year Old Sherry Finish,43.0,0.7,54.85,78.35714285714286,0.5487693710118505
0,Del Professore À La Madame 2017,42.9,0.7,54.73,78.18571428571428,0.5486935866983373
0,Summer Collection Rosé Extra Dry,9.5,0.75,12.99,17.32,0.5484988452655889
0,Agitator Single Malt Whisky,43.0,0.7,54.90,78.42857142857143,0.5482695810564663
0,Monnet VSOP muovipullo,40.0,0.5,36.48,72.96,0.5482456140350878
0,Haraszthy Pinot Noir 2019,13.5,0.75,18.47,24.626666666666665,0.5481862479696806
0,Lebenshilfe Riesling Trocken 2020,11.5,1.0,20.98,20.98,0.548141086749285
0,Martes Santo Añejo,40.0,0.7,51.09,72.9857142857143,0.5480524564494029
0,Brill PalinKaland Szilva Palinka,40.0,1.0,72.99,72.99,0.5480202767502398
0,Apteekkarin Cognac VSOP lahjapakkaus,40.0,0.5,36.50,73.0,0.547945205479452
0,Trisquel Origen Sémillon 2016,13.5,0.75,18.48,24.64,0.5478896103896104
0,Mud House Central Otago Pinot Noir 2021,13.5,0.75,18.48,24.64,0.5478896103896104
0,Giuseppe Campagnola Valpolicella Ripasso 2021 lahjapakkaus,13.5,0.75,18.48,24.64,0.5478896103896104
0,Stone Delicious IPA tölkki,7.7,0.355,4.99,14.056338028169016,0.5477955911823646
0,Campomaccione Morellino di Scansano 2018,13.0,0.75,17.80,23.733333333333334,0.547752808988764
0,Karvilan Panimo x Kirjalan Kahvipaahtimo Espresso Stout,8.0,0.33,4.82,14.606060606060606,0.5477178423236515
0,Laposa Hableány Badacsony Balatoni Sárga Muskotály,11.5,0.75,15.75,21.0,0.5476190476190477
0,Jean Perrier et Fils Apremont Cuvée Gastronomie 2022,11.5,0.75,15.75,21.0,0.5476190476190477
0,Hendrick's Lunar,43.4,0.7,55.50,79.28571428571429,0.5473873873873873
0,Hendrick's Neptunia Gin,43.4,0.7,55.50,79.28571428571429,0.5473873873873873
0,Pointe Blanche Single Malt,43.0,0.7,54.99,78.55714285714286,0.547372249499909
0,Bombardier,5.2,0.5,4.75,9.5,0.5473684210526316
0,Oh So Oat,17.0,0.5,15.53,31.06,0.5473277527366388
0,Bikicki Pinotte 2017,14.5,0.75,19.87,26.493333333333336,0.5473074987418218
0,Hetényi Blue Bull Szekszárdi Bikavér 2017,13.5,0.75,18.50,24.666666666666668,0.5472972972972973
0,Piccini Valiano Chianti Classico 2016,13.5,0.75,18.50,24.666666666666668,0.5472972972972973
0,Villa Conchi Magnum Cava Brut,11.5,1.5,31.52,21.013333333333332,0.547271573604061
0,Nagu Akvavit,38.0,0.7,48.62,69.45714285714286,0.5470999588646648
0,Penderyn Legend Single Malt,41.0,0.2,14.99,74.95,0.5470313542361575
0,An Dúlamán Irish Maritime Gin,43.2,0.5,39.49,78.98,0.546973917447455
0,Glenfarclas 8 Year Old Single Malt,40.0,0.7,51.21,73.15714285714286,0.5467682093341144
0,AK La Tierra Que Nos Lleva 2019,14.5,0.75,19.89,26.52,0.5467571644042233
0,Hahn Pinot Noir 2021,14.5,0.75,19.89,26.52,0.5467571644042233
0,Cono Sur 20 Barrels Syrah 2019,14.5,0.75,19.89,26.52,0.5467571644042233
0,Chartreuse MOF,45.0,0.7,57.62,82.31428571428572,0.5466851787573759
0,Häjy Loitsu Gin,43.0,0.5,39.33,78.66,0.5466564963132469
0,Pure Nordic Distillery Dark Vodka,52.0,0.5,47.57,95.14,0.5465629598486441
0,Archipel de Château Puybarbe 2020,14.5,0.75,19.90,26.53333333333333,0.5464824120603016
0,Piedras de San Pedro Loculto Seleccion 2020,14.5,0.75,19.90,26.53333333333333,0.5464824120603016
0,Festive Glögi,8.0,0.75,10.98,14.64,0.5464480874316939
0,McGuigan Black Label Moscato 2022,8.0,0.75,10.98,14.64,0.5464480874316939
0,Ägräs Abloom Gin,43.7,0.5,39.99,79.98,0.5463865966491623
0,Renegade Pearls Pre-Cask Single Farm Rum 2021,51.0,0.7,65.34,93.34285714285716,0.5463728191000917
0,Renegade Old Bacolet Pre-Cask Single Farm Rum 2020,51.0,0.7,65.34,93.34285714285716,0.5463728191000917
0,Spanier Gillot Riesling Kalkglimmer 2021,12.0,0.75,16.48,21.973333333333333,0.5461165048543689
0,Brovence Organic Rosé 2021,12.0,0.75,16.49,21.986666666666665,0.545785324439054
0,Charles de Fère Crémant du Jura Brut,12.0,0.75,16.49,21.986666666666665,0.545785324439054
0,Bernard-Massard Cuvèe Organic Brut,12.0,0.75,16.49,21.986666666666665,0.545785324439054
0,Masi Moxxé Brut 2022,12.0,0.75,16.49,21.986666666666665,0.545785324439054
0,Dr. Loosen L Dry Riesling 2022,12.0,1.5,32.99,21.993333333333336,0.5456198848135798
0,Sepp Moser Riesling Von den Terrassen 2019,13.0,0.75,17.88,23.84,0.5453020134228188
0,Zeunerts Höga Kusten,5.3,0.5,4.86,9.72,0.5452674897119341
0,Chateau Musar Jeune 2020,14.5,0.75,19.95,26.599999999999998,0.5451127819548872
0,Rodelia Appassimento 2021,14.5,0.75,19.95,26.599999999999998,0.5451127819548872
0,Ébano Crianza 2015,14.5,0.75,19.95,26.599999999999998,0.5451127819548872
0,Villa Maria Private Bin Rosé 2018,12.5,0.75,17.20,22.933333333333334,0.5450581395348837
0,Nokkos Vodka,42.0,0.7,53.94,77.05714285714286,0.5450500556173525
0,Finca Viñoa Treixadura 2021,13.0,0.75,17.89,23.853333333333335,0.5449972051425377
0,Leitz Eins Zwei Dry Sauvignon Blanc 2022,13.0,0.75,17.89,23.853333333333335,0.5449972051425377
0,Sandpiper Barossa Shiraz 2019,14.5,0.375,9.98,26.613333333333333,0.5448396793587175
0,Fink & Kotzian Mojo,13.0,0.75,17.90,23.866666666666664,0.5446927374301677
0,Tampere Gin Oak Edition,47.0,0.5,43.15,86.3,0.544611819235226
0,I Castei Valpolicella Ripasso Classico Superiore 2018,14.0,0.75,19.28,25.706666666666667,0.5446058091286307
0,Pyynikin Lapsang Souchong Smoked Tea Gin,43.6,0.5,40.03,80.06,0.5445915563327505
0,Raiz de Guzmán Crianza 2011,15.0,0.75,20.66,27.546666666666667,0.5445304937076476
0,Mirabeau en Provence Classic Rosé 2022,13.0,0.75,17.91,23.88,0.5443886097152429
0,Paul Buecher Riesling 2020,13.5,0.375,9.30,24.8,0.5443548387096774
0,Acqua in Fiamme Valpolicella Ripasso Superiore di Lauri Tähkä 2017,14.5,0.75,19.98,26.64,0.5442942942942943
0,Pegasus Ripasso 2019,14.5,0.75,19.98,26.64,0.5442942942942943
0,Rocca delle Macie Sant'Alfonso Chianti Classico 2020,14.5,0.75,19.98,26.64,0.5442942942942943
0,Jau Orange 2022,13.5,0.75,18.61,24.813333333333333,0.5440623320795271
0,Kaiken Ultra Malbec 2020,14.5,0.75,19.99,26.653333333333332,0.5440220110055027
0,Barón de Ley Varietal Graciano 2020,14.5,0.75,19.99,26.653333333333332,0.5440220110055027
0,Castoro Cellars Estate Grown Zinfandel  2020,14.5,0.75,19.99,26.653333333333332,0.5440220110055027
0,Le Corti Chianti Classico 2021,14.5,0.75,19.99,26.653333333333332,0.5440220110055027
0,Montes Alpha Syrah 2019,14.5,0.75,19.99,26.653333333333332,0.5440220110055027
0,Noble Vines 337 Cabernet Sauvignon 2019,14.5,0.75,19.99,26.653333333333332,0.5440220110055027
0,La Nit de les Garnatxes Calissa Limestone 2016,14.5,0.75,19.99,26.653333333333332,0.5440220110055027
0,Provolo Campotorbian Valpolicella Ripasso Superiore 2019,14.5,0.75,19.99,26.653333333333332,0.5440220110055027
0,Château Tour Bayard Montagne-Saint-Emilion 2020 lahjapakkaus,14.5,0.75,19.99,26.653333333333332,0.5440220110055027
0,Domaine A. Berthet-Rayne Cairanne Vieilles Vignes 2021,14.5,0.75,19.99,26.653333333333332,0.5440220110055027
0,Il Ciliegio Poggio Orlando Chianti Colli Senesi Riserva 2017,14.5,0.75,19.99,26.653333333333332,0.5440220110055027
0,La Nit de les Garnatxes Slate 2017,14.5,0.75,19.99,26.653333333333332,0.5440220110055027
0,Stephane Ogier Le Temps Est Venu 2021,14.5,0.75,19.99,26.653333333333332,0.5440220110055027
0,San Cassiano G Livelab Veneto Rosso 2018,14.5,0.75,19.99,26.653333333333332,0.5440220110055027
0,Trapiche Medalla Malbec 2020,14.5,0.75,19.99,26.653333333333332,0.5440220110055027
0,Coca i Fitó Jaspi Negre 2019,14.5,0.75,19.99,26.653333333333332,0.5440220110055027
0,Wolf Blass House of The Dragon Fire & Blood Cabernet Sauvignon Shiraz 2021,14.5,0.75,19.99,26.653333333333332,0.5440220110055027
0,Ravenswood Lodi Zinfandel 2021,14.5,0.75,19.99,26.653333333333332,0.5440220110055027
0,Domaine de Reverdon Brouilly 2020,14.5,0.75,19.99,26.653333333333332,0.5440220110055027
0,Zuccardi Q Cabernet Sauvignon 2014,14.5,0.75,19.99,26.653333333333332,0.5440220110055027
0,La Nit de les Garnatxes Sand 2016,14.5,0.75,19.99,26.653333333333332,0.5440220110055027
0,Cono Sur 20 Barrels Limited Edition Pinot Noir 2020,14.5,0.75,19.99,26.653333333333332,0.5440220110055027
0,Nugan Alfredo Dried Grape Shiraz 2019,14.5,0.75,19.99,26.653333333333332,0.5440220110055027
0,Neleman Organic Bobal 2019,14.5,0.75,19.99,26.653333333333332,0.5440220110055027
0,Trus Roble 2019,14.5,0.75,19.99,26.653333333333332,0.5440220110055027
0,Real Agrado Reserva 2017 lahjapakkaus,14.5,0.75,19.99,26.653333333333332,0.5440220110055027
0,Zuccardi Q Malbec 2021,14.5,0.75,19.99,26.653333333333332,0.5440220110055027
0,Montes Alpha Cabernet Sauvignon 2018,14.5,0.75,19.99,26.653333333333332,0.5440220110055027
0,De Kuyper Grapefruit,15.0,0.5,13.79,27.58,0.5438723712835388
0,Terra Madre Plavac Mali Barrique 2018,14.0,0.75,19.31,25.746666666666666,0.5437597099948214
0,Écusson Bio Brut,5.5,0.75,7.59,10.12,0.5434782608695653
0,Réal Martin Cuvée César Brezillou Rosé 2021,13.0,0.75,17.94,23.92,0.5434782608695652
0,Cerne Refošk 2022,13.5,0.75,18.63,24.84,0.5434782608695652
0,Mallassepät Hopfenweisse Weizendoppelbock tölkki,8.0,0.33,4.86,14.727272727272728,0.5432098765432098
0,Jean Biecher Pinot Noir Réserve Organic 2022,13.0,0.375,8.98,23.94666666666667,0.5428730512249442
0,Schmitges Riesling Feinherb 2022,11.5,1.0,21.19,21.19,0.5427088249174138
0,Château Saint Estève Tradition Côtes-du-Rhône 2020,14.5,0.375,10.02,26.72,0.5426646706586826
0,Nagu Small Batch Dry Gin,47.0,0.5,43.32,86.64,0.5424746075715605
0,Mud House Riesling 2021,11.5,0.75,15.90,21.2,0.5424528301886793
0,Balthasar Ress Rheingau Riesling 2022,11.5,0.75,15.90,21.2,0.5424528301886793
0,Maison du Vin Crémant de Loire Brut,11.5,0.75,15.90,21.2,0.5424528301886793
0,Wicklow Wolf x Brique House Another Brique in the Wall tölkki,8.0,0.44,6.49,14.75,0.5423728813559322
0,Fitapreta Branco 2018,13.0,0.75,17.98,23.973333333333333,0.5422691879866518
0,Catena Cabernet Sauvignon 2015,13.0,0.75,17.98,23.973333333333333,0.5422691879866518
0,Crazy Bulles Rose 2021,13.0,0.75,17.98,23.973333333333333,0.5422691879866518
0,Esprit Gassier Organic 2022,13.0,0.75,17.98,23.973333333333333,0.5422691879866518
0,Tayu 1865 Pinot Noir 2019,13.0,0.75,17.98,23.973333333333333,0.5422691879866518
0,ZeroPuro Landae Pinot Grigio 2022,13.0,0.75,17.98,23.973333333333333,0.5422691879866518
0,Keya Bardolino Chiaretto Classico 2021,13.0,0.75,17.98,23.973333333333333,0.5422691879866518
0,Amirault Grosbois Le Caillou Saumur-Champigny 2021,13.0,0.75,17.98,23.973333333333333,0.5422691879866518
0,Fernand Engel Gewurztraminer Reserve 2020,13.0,0.75,17.98,23.973333333333333,0.5422691879866518
0,Matua Lands & Legends Sauvignon Blanc 2021,13.0,0.75,17.98,23.973333333333333,0.5422691879866518
0,Château Beaulieu Cuvée Alexandre Rosé 2022,13.0,0.75,17.98,23.973333333333333,0.5422691879866518
0,Santomè Pinot Grigio 2021,13.0,0.75,17.98,23.973333333333333,0.5422691879866518
0,Francois Martenot Bourgogne Pinot Noir Prestige 2020,13.0,0.75,17.98,23.973333333333333,0.5422691879866518
0,Jackson Estate Stich Sauvignon Blanc 2021,13.0,0.75,17.98,23.973333333333333,0.5422691879866518
0,Elena Walch Schiava 2022,13.0,0.75,17.98,23.973333333333333,0.5422691879866518
0,Domaine Les Chenevières Mâcon Blanc Villages Chardonnay 2022,13.0,0.75,17.98,23.973333333333333,0.5422691879866518
0,Pazo de Villarei Albariño 2022,12.5,0.75,17.29,23.05333333333333,0.5422209369577791
0,Quinta de la Rosa Dourosa 2020,12.5,0.75,17.29,23.05333333333333,0.5422209369577791
0,Weingut Wolf 1 Liter Rosé 2018,12.0,1.0,22.14,22.14,0.5420054200542005
0,Albert Bichot Coteaux Bourguignons 2021,13.0,0.75,17.99,23.986666666666665,0.5419677598665926
0,Domini Veneti Pruviniano Lugana 2022,13.0,0.75,17.99,23.986666666666665,0.5419677598665926
0,Little Yering Pinot Noir 2020,13.0,0.75,17.99,23.986666666666665,0.5419677598665926
0,Pfaff Pinot Gris Cuvee Rabelais 2021,13.0,0.75,17.99,23.986666666666665,0.5419677598665926
0,Farina Ripasso Classico Superiore 2021,13.5,0.75,18.69,24.92,0.5417335473515248
0,Baileys Espresso Créme,17.0,0.7,21.98,31.400000000000002,0.5414012738853503
0,Baileys Salted Caramel,17.0,0.7,21.98,31.400000000000002,0.5414012738853503
0,Baileys Original Irish Cream,17.0,0.7,21.98,31.400000000000002,0.5414012738853503
0,Sepp Moser Grüner Veltliner Ried Gebling 2022,13.0,0.75,18.02,24.026666666666667,0.5410654827968924
0,To Øl Sovs Juicy IPA tölkki,6.0,0.44,4.88,11.09090909090909,0.5409836065573771
0,Martell VS Single Distillery,40.0,0.2,14.79,73.94999999999999,0.5409060175794457
0,Wychwood Hobgoblin IPA,5.3,0.5,4.90,9.8,0.5408163265306122
0,Soerlie VSOP,40.0,0.35,25.89,73.97142857142858,0.5407493240633449
0,Leconfield Cabernet Sauvignon 2020,14.5,0.75,20.12,26.826666666666668,0.540506958250497
0,Freixenet Italian Rosé 2022,11.5,0.187,3.98,21.28342245989305,0.5403266331658291
0,Freixenet Pinot Grigio 2022,11.5,0.187,3.98,21.28342245989305,0.5403266331658291
0,Compañero Panama Extra Añejo,54.0,0.7,69.99,99.98571428571428,0.5400771538791256
0,Valdibella Jakì 2017,14.5,0.75,20.14,26.853333333333335,0.5399702085402184
0,Cossetti La Vigna Vecchia Barbera d'Asti Superiore 2019,14.0,0.75,19.45,25.933333333333334,0.5398457583547558
0,Crowmoor Meddling Magpie tölkki,5.3,0.33,3.24,9.818181818181818,0.5398148148148147
0,Georg Müller Rheingau Riesling Trocken 2022,11.5,0.75,15.98,21.30666666666667,0.5397371714643304
0,Pratsch Rosé 2022,11.5,0.75,15.98,21.30666666666667,0.5397371714643304
0,Perlage Canah Prosecco Brut,11.5,0.75,15.98,21.30666666666667,0.5397371714643304
0,Plan B Riesling 2022,11.5,0.75,15.98,21.30666666666667,0.5397371714643304
0,Graf von Schönborn Riesling Feinherb 2018,11.5,0.75,15.98,21.30666666666667,0.5397371714643304
0,Rocca Dei Forti Prosecco Rosé Brut 2019,11.5,0.75,15.98,21.30666666666667,0.5397371714643304
0,Kloster Eberbach Riesling Trocken 2017,11.5,0.375,7.99,21.30666666666667,0.5397371714643304
0,Dissegna Organic Prosecco Rosé Extra Dry 2022,11.5,0.75,15.98,21.30666666666667,0.5397371714643304
0,Perlage Quorum Prosecco Extra Dry,11.5,0.75,15.98,21.30666666666667,0.5397371714643304
0,Crudo Organic Prosecco Extra Dry,11.5,0.75,15.98,21.30666666666667,0.5397371714643304
0,Matthias Gaul Sauna Rosé 2022,11.5,0.75,15.98,21.30666666666667,0.5397371714643304
0,Dreissigacker Organic Riesling 2022,11.5,0.75,15.98,21.30666666666667,0.5397371714643304
0,Grans-Fassian Flussterrassen Riesling 2022,11.5,0.75,15.98,21.30666666666667,0.5397371714643304
0,Calvet Crémant de Bordeaux Blanc de Noirs Brut 2020,11.5,0.75,15.98,21.30666666666667,0.5397371714643304
0,Karl May Riesling 2022,11.5,0.75,15.98,21.30666666666667,0.5397371714643304
0,Bols Melon,17.0,0.5,15.75,31.5,0.5396825396825397
0,Ardbeg Wee Beastie Single Malt,47.4,0.7,61.50,87.85714285714286,0.5395121951219511
0,La Herencia De Sanchez Espadin Joven Mezcal,42.0,0.7,54.50,77.85714285714286,0.5394495412844036
0,Crafter's London Dry Gin muovipullo,43.0,0.04,3.19,79.75,0.5391849529780565
0,Bertani Valpolicella Ripasso 2020,13.5,0.75,18.78,25.040000000000003,0.5391373801916932
0,Arthur Metz Crémant d'Alsace Brut Millésimé 2020,12.5,0.75,17.39,23.186666666666667,0.539102932719954
0,Chouffe Blanche,6.5,0.33,3.98,12.06060606060606,0.5389447236180904
0,Tia Maria Cold Brew,20.0,0.7,25.98,37.114285714285714,0.5388760585065435
0,Monopol VSOP muovipullo,40.0,0.35,25.99,74.25714285714285,0.5386687187379762
0,Ciroc Vodka,40.0,0.7,51.99,74.27142857142857,0.5385651086747452
0,Elusìa Rosso Bio Vegan,13.5,0.75,18.80,25.066666666666666,0.538563829787234
0,Etsu Gin,43.0,0.7,55.89,79.84285714285714,0.5385578815530506
0,Agitator Single Malt Whisky Rök,43.0,0.7,55.90,79.85714285714286,0.5384615384615384
0,Frapin 1270,40.0,0.7,52.00,74.28571428571429,0.5384615384615384
0,Mas Pere Seleccion Cava Brut,11.5,0.75,16.03,21.373333333333335,0.5380536494073611
0,Lepaan Punakaneli,7.5,0.33,4.60,13.939393939393938,0.5380434782608696
0,Fat Lizard Hoptimistic Beast IPA tölkki,6.6,0.44,5.40,12.272727272727273,0.5377777777777777
0,Warner`s Lemon Balm Gin,43.0,0.7,55.98,79.97142857142858,0.5376920328688817
0,Quinta do Pégo Late Bottled Vintage Port 2019,20.0,0.75,27.90,37.199999999999996,0.5376344086021506
0,d,8.0,0.375,5.58,14.88,0.5376344086021505
0,Nøgne Ø Imperial Brown Ale,7.5,0.5,6.98,13.96,0.5372492836676217
0,Vermucho,14.0,1.0,26.06,26.06,0.5372217958557176
0,Peat's Beast Single Malt,46.0,0.7,59.94,85.62857142857143,0.5372038705372039
0,Amaro Montenegro,23.0,0.7,29.98,42.82857142857143,0.5370246831220814
0,Nuija Dry Gin 2023,46.0,0.5,42.83,85.66,0.5370067709549381
0,Koskenkorva Vodka,40.0,0.04,2.98,74.5,0.5369127516778524
0,Hatozaki Pure Malt,46.0,0.7,59.98,85.68571428571428,0.5368456152050683
0,Catoctin Creek Watershed American Gin,46.0,0.7,59.99,85.7,0.5367561260210035
0,Berta Cabernet Sauvignon Rosé 2019,12.5,0.75,17.47,23.293333333333333,0.5366342301087579
0,Polkura GSM 2018,14.5,0.75,20.27,27.026666666666667,0.5365071534287124
0,Pople Oat Cranberry & Salted Caramel muovipullo,15.0,0.5,13.98,27.96,0.5364806866952789
0,La Brique Cidre Bouché Brut,5.0,0.75,6.99,9.32,0.5364806866952789
0,Woodford Reserve Distiller's Select Rye,45.2,0.7,58.98,84.25714285714285,0.536453034927094
0,United Gypsies Big Berry Imperial Stout w/ Mulberries tölkki,11.2,0.33,6.89,20.878787878787875,0.5364296081277213
0,Pizzolato Biologico Prosecco Extra Dry 2022,11.0,0.375,7.69,20.506666666666668,0.536410923276983
0,Billy Bang 2019,14.0,0.75,19.58,26.106666666666666,0.5362614913176711
0,Nik Weis Selection Urban Riesling 2022,10.0,0.75,13.99,18.653333333333332,0.5360972122944961
0,Sour Fisk Sour Watermelon,15.0,0.5,13.99,27.98,0.536097212294496
0,Koskenkorva Mojito,15.0,0.5,13.99,27.98,0.536097212294496
0,De Kuyper Wild Strawberry,15.0,0.5,13.99,27.98,0.536097212294496
0,De Kuyper Crème de Cassis,15.0,0.5,13.99,27.98,0.536097212294496
0,De Kuyper Pisang,15.0,0.5,13.99,27.98,0.536097212294496
0,Sour Fisk Sour Cola,15.0,0.5,13.99,27.98,0.536097212294496
0,Koskenkorva Winter Apple,15.0,0.5,13.99,27.98,0.536097212294496
0,De Kuyper Butterscotch,15.0,0.5,13.99,27.98,0.536097212294496
0,De Kuyper Sour Rhubarb,15.0,0.5,13.99,27.98,0.536097212294496
0,De Kuyper Mango,15.0,0.5,13.99,27.98,0.536097212294496
0,De Kuyper Sour Apple,15.0,0.5,13.99,27.98,0.536097212294496
0,Pople Strawberry Ice Cream muovipullo,15.0,0.5,13.99,27.98,0.536097212294496
0,De Kuyper Banana,15.0,0.5,13.99,27.98,0.536097212294496
0,Tenuta Marsiliana Vermentino 2022,12.5,0.75,17.49,23.319999999999997,0.5360205831903946
0,Teliani Valley Kakhuri No. 8 Amber Dry Wine 2020,12.5,0.75,17.49,23.319999999999997,0.5360205831903946
0,Geyerhof Stockwerk Grüner Veltliner 2022,12.5,0.75,17.49,23.319999999999997,0.5360205831903946
0,Paxton Now Organic Shiraz 2020,14.0,0.75,19.59,26.12,0.5359877488514548
0,Angostura 1919 Premium Gold Rum,40.0,0.7,52.24,74.62857142857143,0.5359877488514548
0,Becker Roster Weiss 2016,12.5,1.5,34.99,23.326666666666668,0.5358673906830522
0,Ca'del Baio Langhe Nebbiolo 2021,13.5,0.75,18.90,25.2,0.5357142857142857
0,Robert Mondavi Private Selection Chardonnay California 2020,13.5,0.75,18.90,25.2,0.5357142857142857
0,Jorn Nou Garnacha Blanca  2020,13.5,0.75,18.90,25.2,0.5357142857142857
0,Most Wanted Regions Albariño 2022,12.5,0.75,17.50,23.333333333333332,0.5357142857142857
0,Robert Mondavi Private Selection Pinot Noir 2021,13.5,0.75,18.90,25.2,0.5357142857142857
0,Wente Morning Fog Chardonnay 2021,13.5,0.75,18.90,25.2,0.5357142857142857
0,Montrubí Gaintus Radical 2019,12.5,0.75,17.50,23.333333333333332,0.5357142857142857
0,Domäne Wachau Riesling Federspiel Terrassen 2022,12.0,0.75,16.80,22.400000000000002,0.5357142857142857
0,Terra Venetica Valpolicella Ripasso Organic 2015,13.5,0.75,18.90,25.2,0.5357142857142857
0,L'Empreinte de Saint Mont 2017,13.5,0.75,18.90,25.2,0.5357142857142857
0,Robert Mondavi Private Selection Cabernet Sauvignon 2019,13.5,0.75,18.90,25.2,0.5357142857142857
0,Grimbergen Blonde,6.7,0.33,4.13,12.515151515151514,0.5353510895883778
0,Carthy and Black Yorkshire Cream Liqueur,17.0,0.5,15.88,31.76,0.535264483627204
0,Shaman's Kaffe Coffee Liqueur,16.0,0.2,5.98,29.900000000000002,0.5351170568561873
0,Vana Tallinn muovipullo,40.0,0.04,2.99,74.75,0.5351170568561873
0,BlueWhite Pääesiintyjät,43.2,0.5,40.37,80.74,0.535050780282388
0,Mallaskoski Black Stout,10.5,0.33,6.48,19.636363636363637,0.5347222222222222
0,Laphroaig Quarter Cask Single Malt,48.0,0.7,62.89,89.84285714285716,0.5342661790427731
0,La Ina Fino Sherry,15.0,0.375,10.53,28.08,0.5341880341880342
0,Teerenpeli Woodgin,45.0,0.5,42.13,84.26,0.5340612390220745
0,Botran 1893 Añejo Solera 18,40.0,0.2,14.98,74.89999999999999,0.534045393858478
0,Keppo Double IPA Luomu,7.8,0.33,4.82,14.606060606060606,0.5340248962655602
0,Villa Maria EarthGarden Organic Sauvignon Blanc 2021,13.5,0.375,9.48,25.28,0.5340189873417721
0,Oath Gin,42.7,0.5,39.98,79.96,0.5340170085042522
0,Fireball muovipullo,33.0,0.05,3.09,61.8,0.5339805825242718
0,Gin Mare,42.7,0.7,55.98,79.97142857142858,0.5339406931046803
0,Schuster Roter Veltliner Vom Löss 2022,12.5,0.75,17.56,23.41333333333333,0.5338838268792712
0,Ruosniemen Malt Liqueur Rye Malt Whisky,11.0,0.33,6.80,20.606060606060606,0.5338235294117647
0,Renault Blue Nuit VS,40.0,0.2,14.99,74.95,0.533689126084056
0,Punt e Mes,16.0,0.75,22.49,29.986666666666665,0.5335704757670076
0,Domacija Bizjak Rebula 2020,13.5,0.75,18.98,25.30666666666667,0.5334562697576396
0,Becker Family Pinot Noir 2020,13.5,0.75,18.98,25.30666666666667,0.5334562697576396
0,Quinta da Fonte Souto Florão Branco 2021,13.5,0.75,18.98,25.30666666666667,0.5334562697576396
0,Banfi Chianti Superiore 2021,13.5,0.75,18.98,25.30666666666667,0.5334562697576396
0,Santa Julia La Oveja Natural Torrontes 2022,13.5,0.75,18.98,25.30666666666667,0.5334562697576396
0,Santa Julia El Burro Natural Malbec 2022,13.5,0.75,18.98,25.30666666666667,0.5334562697576396
0,Vallein Tercinier VSOP,40.0,0.7,52.50,75.0,0.5333333333333333
0,Poliziano Lohsa Morellino di Scansano 2022,14.0,0.75,19.69,26.253333333333334,0.5332656170644997
0,Noble Vines 667 Pinot Noir 2020,13.5,0.75,18.99,25.319999999999997,0.5331753554502371
0,Neiss Cabernet Sauvignon 2019,13.5,0.75,18.99,25.319999999999997,0.5331753554502371
0,Carmen Gran Reserva Frida Kahlo Cabernet Sauvignon 2017,13.5,0.75,18.99,25.319999999999997,0.5331753554502371
0,Astrolabe Wrekin Chenin Blanc 2020,13.5,0.75,18.99,25.319999999999997,0.5331753554502371
0,Henry Fessy Chiroubles 2020,13.5,0.75,18.99,25.319999999999997,0.5331753554502371
0,Carmen Gran Reserva Pinot Noir 2021,13.5,0.75,18.99,25.319999999999997,0.5331753554502371
0,Carmen Gran Reserva Chardonnay 2021,13.5,0.75,18.99,25.319999999999997,0.5331753554502371
0,Casa Emma Rosa Organic 2021,13.5,0.75,18.99,25.319999999999997,0.5331753554502371
0,Fontanafredda Ebbio Langhe Nebbiolo 2021,13.5,0.75,18.99,25.319999999999997,0.5331753554502371
0,Borgogno Langhe Rosso 2020,13.5,0.75,18.99,25.319999999999997,0.5331753554502371
0,Vignalucis Ejus 2021,13.5,0.75,18.99,25.319999999999997,0.5331753554502371
0,Portal Colheita 2018,13.5,0.75,18.99,25.319999999999997,0.5331753554502371
0,Baron de Ley Reserva 2018,13.5,0.75,18.99,25.319999999999997,0.5331753554502371
0,Lorca Poético Cabernet Franc 2017,14.5,0.75,20.40,27.2,0.5330882352941176
0,Mallaskoski Hera Sherry Barrel Aged Imperial Red Ale,10.5,0.33,6.50,19.696969696969695,0.5330769230769231
0,Ricky's IPA,5.5,0.5,5.16,10.32,0.5329457364341085
0,Charles de Fere Crémant du Jura Rosé Brut,12.0,0.75,16.89,22.52,0.5328596802841918
0,That Boutique-y Gin Company Cherry Gin,42.6,0.5,39.98,79.96,0.5327663831915959
0,Kyrö Napue Gin lahjapakkaus,42.6,0.5,39.99,79.98,0.5326331582895724
0,Lervig Supersonic tölkki,8.5,0.5,7.98,15.96,0.5325814536340852
0,Sorrentino Vesuvio Bianco 2021,12.0,0.75,16.90,22.53333333333333,0.5325443786982249
0,Pizzolato Organic Prosecco Rose Brut 2019,11.0,1.5,30.99,20.66,0.5324298160696999
0,Bolla Prosecco Organic Extra Dry,11.0,0.75,15.50,20.666666666666668,0.532258064516129
0,Piccini Prosecco Extra Dry,11.0,0.75,15.50,20.666666666666668,0.532258064516129
0,Piccini Prosecco Rosé Extra Dry 2019,11.0,0.75,15.50,20.666666666666668,0.532258064516129
0,Rekorderlig Botanicals Rhubarb-Lemon-Mint,4.5,0.33,2.79,8.454545454545455,0.532258064516129
0,Mural de Favaios,17.0,0.375,11.98,31.94666666666667,0.5321368948247078
0,Gouden Carolus Classic,8.5,0.75,11.98,15.973333333333334,0.5321368948247078
0,Luxardo Maraschino Originale,32.0,0.5,30.07,60.14,0.5320917858330562
0,Craigellachie 13 Year Old Single Malt,46.0,0.7,60.52,86.45714285714287,0.5320555188367481
0,Bitburger Premium,4.8,0.33,2.98,9.03030303030303,0.5315436241610738
0,Lehe Ravnodenstvie,11.0,0.33,6.83,20.696969696969695,0.5314787701317716
0,Agricole Selvi Arrogantone Limited Edition Rosso D´Italia,14.0,0.75,19.76,26.346666666666668,0.5313765182186234
0,Rothaus Pils,5.1,0.5,4.80,9.6,0.53125
0,Sauvignon Blanc by Gillot 2022,12.0,0.75,16.95,22.599999999999998,0.5309734513274337
0,Stone Hazy IPA tölkki,6.7,0.355,4.48,12.619718309859156,0.5309151785714286
0,Nicosia Insolia 2022,12.5,0.75,17.66,23.546666666666667,0.5308607021517554
0,Kyrö Pink Gin lahjapakkaus,38.2,0.5,35.98,71.96,0.5308504724847138
0,Mallaskoski Imp,36.6,0.2,13.79,68.94999999999999,0.5308194343727339
0,Roche Lacroix Provence Rosé 2022,13.0,0.75,18.37,24.493333333333336,0.5307566684812193
0,Helsinki Barrel Aged Gin,47.0,0.5,44.29,88.58,0.5305938135019191
0,Gérard Bertrand Hérésie Corbières 2019,14.0,0.75,19.80,26.400000000000002,0.5303030303030303
0,Coto de Imaz Reserva 2018,14.0,0.75,19.80,26.400000000000002,0.5303030303030303
0,Fernand Engel Pinot Gris Terres Rouges Organic 2022,14.0,0.75,19.80,26.400000000000002,0.5303030303030303
0,Quinta Varzea da Pedra Branco Reserva 2016,14.0,0.75,19.80,26.400000000000002,0.5303030303030303
0,Ableforth's Bathtub Old Tom Gin,42.4,0.5,39.99,79.98,0.5301325331332832
0,Ronco delle Betulle Sauvignon 2021,14.0,0.75,19.81,26.41333333333333,0.530035335689046
0,Torraccia del Piantavigna Neb Colline Novaresi Nebbiolo 2020,13.0,0.75,18.40,24.53333333333333,0.5298913043478262
0,Absolut Elyx Single Estate Copper Crafted Vodka,42.3,0.7,55.88,79.82857142857144,0.5298854688618467
0,Bubi Piemonte Chardonnay,12.0,0.75,16.99,22.653333333333332,0.5297233666862861
0,Bründlmayer Grüner Veltliner Hauswein 2022,12.0,0.75,16.99,22.653333333333332,0.5297233666862861
0,Wolfberger Crémant d'Alsace Brut,12.0,0.75,16.99,22.653333333333332,0.5297233666862861
0,Txomin Etxaniz Txakoli 2022,12.0,0.75,16.99,22.653333333333332,0.5297233666862861
0,Grans-Fassian Mineralschiefer Riesling Trocken 2022,12.0,0.75,16.99,22.653333333333332,0.5297233666862861
0,Roger Goulart Coral Rosé Cava Brut 2021,12.0,0.75,16.99,22.653333333333332,0.5297233666862861
0,Pongrácz Méthode Cap Classique Rosé Brut,12.0,0.75,16.99,22.653333333333332,0.5297233666862861
0,Bernard-Massard Auxerrois Grand Premier Cru 2021,12.0,0.75,16.99,22.653333333333332,0.5297233666862861
0,Dreissigacker Organic Pink Riesling,12.0,0.75,16.99,22.653333333333332,0.5297233666862861
0,Vall Dolina Bivac 2022,12.0,0.75,16.99,22.653333333333332,0.5297233666862861
0,Roger Goulart Cava Millésimé Demi Sec 2020,12.0,0.75,16.99,22.653333333333332,0.5297233666862861
0,Meyer-Fonne Pinot Blanc 2019,12.0,0.75,16.99,22.653333333333332,0.5297233666862861
0,Gisselbrecht Blanc de Noirs Crémant d´Alsace Brut,12.0,0.75,16.99,22.653333333333332,0.5297233666862861
0,Roger Goulart Millésimé Cava Brut 2021,12.0,0.75,16.99,22.653333333333332,0.5297233666862861
0,Thill's Riesling 2021,12.0,0.75,16.99,22.653333333333332,0.5297233666862861
0,Domaine Ste Michelle Brut,12.0,0.75,16.99,22.653333333333332,0.5297233666862861
0,Thörle Riesling 2021,12.0,0.75,16.99,22.653333333333332,0.5297233666862861
0,Pühaste Dekadents Imperial Stout tölkki,11.2,0.33,6.98,21.151515151515152,0.529512893982808
0,Nigl Grüner Veltliner Ried Zwetl 2021,13.5,0.75,19.13,25.506666666666664,0.529273392577104
0,Loredan Gasparini Asolo Superiore Prosecco Brut,11.0,0.75,15.59,20.786666666666665,0.5291853752405389
0,Hashtag Sauvignon 2020,11.5,0.75,16.30,21.733333333333334,0.5291411042944785
0,Poppels Double IPA,8.0,0.33,4.99,15.121212121212121,0.5290581162324649
0,Kasteel Rouge,8.0,0.33,4.99,15.121212121212121,0.5290581162324649
0,Hiisi Homunculus Lupus Imperial IPA,8.0,0.33,4.99,15.121212121212121,0.5290581162324649
0,Poppels Double India Pale Ale,8.0,0.33,4.99,15.121212121212121,0.5290581162324649
0,Põhjala Heli Imperial Gose tölkki,8.0,0.33,4.99,15.121212121212121,0.5290581162324649
0,HIISI Homunculus Lupus Imperial IPA,8.0,0.33,4.99,15.121212121212121,0.5290581162324649
0,Põhjala Välk tölkki,8.0,0.33,4.99,15.121212121212121,0.5290581162324649
0,Reguengos Reserva Dos Socios   2020,15.5,0.75,21.98,29.30666666666667,0.5288898999090081
0,Maker's Mark 46,47.0,0.7,62.24,88.91428571428573,0.5285989717223649
0,Ron Matusalem Gran Reserva Solera 15,40.0,0.7,52.99,75.7,0.5284015852047556
0,Prince Hubert de Polignac VSOP,40.0,0.7,52.99,75.7,0.5284015852047556
0,Victor Gontier Domfrontais Calvados 2004,40.0,0.5,37.87,75.74,0.5281225244256668
0,Harahorn White Lemon Gin,42.0,0.5,39.77,79.54,0.5280362081971335
0,Georges Duboeuf Saint-Amour 2022,14.0,0.75,19.89,26.52,0.5279034690799397
0,Zuccardi Q Tempranillo 2018,14.0,0.75,19.89,26.52,0.5279034690799397
0,Luigi Bosca Cabernet Sauvignon 2019,14.0,0.75,19.89,26.52,0.5279034690799397
0,Domaine des Tourelles 2020,14.0,0.75,19.89,26.52,0.5279034690799397
0,Hilla Salmiakkilikööri,21.0,0.5,19.89,39.78,0.5279034690799397
0,Château de Jau Côtes du Roussillon Rosé 2019,13.5,0.75,19.18,25.573333333333334,0.5278936392075078
0,Corvezzo Organic Prosecco Demi-Sec,9.5,0.75,13.50,18.0,0.5277777777777778
0,Salama Electrocution Double Neipa tölkki,8.0,0.44,6.67,15.159090909090908,0.527736131934033
0,Highland Park Cask Strength Release No. 4 Single Malt,64.3,0.7,85.29,121.84285714285716,0.5277289248446476
0,Ayinger Celebrator,6.7,0.33,4.19,12.696969696969697,0.5276849642004773
0,Nada Langhe Nebbiolo 2021,14.0,0.75,19.90,26.53333333333333,0.5276381909547739
0,Arctic Blue Laku,21.0,0.5,19.90,39.8,0.5276381909547739
0,Opéra Blanc de Blancs Brut,10.5,0.2,3.98,19.9,0.5276381909547739
0,Marco Cecchini Monsieur Verduc 2020,14.0,0.75,19.90,26.53333333333333,0.5276381909547739
0,Edna Valley Sauvignon Blanc 2018,13.0,0.75,18.48,24.64,0.5275974025974026
0,José Pariente Varietal Verdejo 2022,13.0,0.75,18.48,24.64,0.5275974025974026
0,Trisquel Series Chardonnay 2018,13.0,0.75,18.48,24.64,0.5275974025974026
0,Alpha Estate Malagouzia Turtles Vineyard 2022,13.0,0.75,18.48,24.64,0.5275974025974026
0,Saxenburg Private Collection Sauvignon Blanc 2019,13.5,0.75,19.20,25.599999999999998,0.52734375
0,Hirschmüller Lemberger 2021,13.0,0.75,18.49,24.653333333333332,0.5273120605732828
0,Tragolargo Monastrell 2019,12.5,0.75,17.78,23.706666666666667,0.5272778402699663
0,Kracher Zweigelt Rosé 2020,12.0,0.75,17.07,22.76,0.5272407732864675
0,Balassa Furmint 2019,13.0,0.75,18.50,24.666666666666668,0.527027027027027
0,Saint Clair Vicar's Choice Sauvignon Blanc Bubbles Brut 2021,12.5,0.75,17.79,23.72,0.5269814502529511
0,United Gypsies Ultimate Ryyskä Quadryepel w/ Rye Whisky Oak Chips tölkki,11.0,0.33,6.89,20.878787878787875,0.5268505079825836
0,Terras Gauda O Rosal 2016,12.5,0.75,17.80,23.733333333333334,0.5266853932584269
0,Sierra Nevada Barrel-Aged Narwhal tölkki,11.9,0.473,10.69,22.60042283298097,0.5265388213283443
0,Heidell Gin,42.0,0.5,39.89,79.78,0.5264477312609677
0,Zonin Ripasso Valpolicella Superiore 2018,14.0,1.5,39.89,26.593333333333334,0.5264477312609677
0,RubyBlue Chilli Pepper,17.0,0.5,16.15,32.3,0.5263157894736843
0,Borgogno Barbera d'Alba 2021,14.0,0.75,19.95,26.599999999999998,0.5263157894736843
0,Château de Jau Sans Sulfites Ajoutés 2018,14.0,0.75,19.95,26.599999999999998,0.5263157894736843
0,Peter Sichel Altura 350 2019,14.0,0.75,19.95,26.599999999999998,0.5263157894736843
0,Henney's Dry Cider,6.0,0.5,5.70,11.4,0.5263157894736842
0,Stallhagen Pommern Pale Ale,4.8,0.33,3.01,9.12121212121212,0.5262458471760798
0,The English Smokey Single Malt,43.0,0.7,57.20,81.71428571428572,0.5262237762237761
0,Chimay Red,7.0,0.33,4.39,13.303030303030301,0.5261958997722096
0,Tornion 1873 Hunaja-bock,7.3,0.33,4.58,13.878787878787879,0.5259825327510916
0,Albet I Noya Can Vendrell Estate Brut Reserva Organic 2021,11.5,0.75,16.40,21.866666666666664,0.5259146341463415
0,Iso-Kallan Pimeyden Morsian Imperial Stout,8.0,0.33,5.02,15.21212121212121,0.5258964143426296
0,Iso-Kallan Vehnäpukki,8.0,0.33,5.02,15.21212121212121,0.5258964143426296
0,Dautel Riesling 2021,12.0,0.75,17.12,22.826666666666668,0.5257009345794392
0,Wicklow Wolf Mammoth IPA tölkki,6.2,0.44,5.19,11.795454545454547,0.5256262042389209
0,Diamantopetra Syrah Mandilaria 2016,13.0,0.75,18.55,24.733333333333334,0.5256064690026954
0,KWV Cuvée Rosé,7.0,0.75,9.99,13.32,0.5255255255255256
0,Chimay Première,7.0,0.75,9.99,13.32,0.5255255255255256
0,1689 Dutch Dry Gin,42.0,0.7,55.96,79.94285714285715,0.5253752680486061
0,Himmel Pink Riesling,10.5,0.75,14.99,19.986666666666668,0.5253502334889926
0,EMK Vedaholm Riesling 2022,10.5,0.75,14.99,19.986666666666668,0.5253502334889926
0,Ferraton Côtes du Rhône Villages 2022,14.0,0.75,19.99,26.653333333333332,0.5252626313156579
0,Triennes Les Auréliens Blanc 2020,14.0,0.75,19.99,26.653333333333332,0.5252626313156579
0,Muré Orchidées Sauvages Gewurztraminer 2020,14.0,0.75,19.99,26.653333333333332,0.5252626313156579
0,Sovibor Mamoré de Borba Tinto 2019,14.0,0.75,19.99,26.653333333333332,0.5252626313156579
0,Museum Reserva 2018,14.0,0.75,19.99,26.653333333333332,0.5252626313156579
0,Domini Veneti Pruviniano Ripasso Classico Superiore 2019,14.0,0.75,19.99,26.653333333333332,0.5252626313156579
0,Galil Mountain Syrah 2022,14.0,0.75,19.99,26.653333333333332,0.5252626313156579
0,Galil Mountain Cabernet Sauvignon 2021,14.0,0.75,19.99,26.653333333333332,0.5252626313156579
0,Alta Alella GX 2021,14.0,0.75,19.99,26.653333333333332,0.5252626313156579
0,Morillon Blanc by Jeff Carrel 2022,14.0,0.75,19.99,26.653333333333332,0.5252626313156579
0,El Pacto 2019,14.0,0.75,19.99,26.653333333333332,0.5252626313156579
0,Xanadu Exmoor Cabernet Sauvignon 2016,14.0,0.75,19.99,26.653333333333332,0.5252626313156579
0,Domaine de Noiré Elégance Chinon 2018,14.0,0.75,19.99,26.653333333333332,0.5252626313156579
0,Comboio do Vesuvio 2018,14.0,0.75,19.99,26.653333333333332,0.5252626313156579
0,Dooley's White Chocolate Cream,15.0,0.7,19.99,28.557142857142857,0.5252626313156579
0,Chaffey Bros Evangeline Eden Valley Syrah 2018,14.0,0.75,19.99,26.653333333333332,0.5252626313156579
0,Edna Valley Pinot Noir 2019,14.0,0.75,19.99,26.653333333333332,0.5252626313156579
0,Erste+Neue Alto Adige Gewürztraminer 2021,14.0,0.75,19.99,26.653333333333332,0.5252626313156579
0,Marques de Arienzo Reserva 2013,14.0,0.75,19.99,26.653333333333332,0.5252626313156579
0,Poggio Al Tesoro Mediterra 2018,14.0,0.75,19.99,26.653333333333332,0.5252626313156579
0,Pfaffl Hund Reserve Grüner Veltiner 2019,14.0,0.75,19.99,26.653333333333332,0.5252626313156579
0,Zuccardi Poligonos Chenin Blanc 2021,14.0,0.75,19.99,26.653333333333332,0.5252626313156579
0,Montes Alpha Pinot Noir 2021,14.0,0.75,19.99,26.653333333333332,0.5252626313156579
0,Muratie Martin Melck Cabernet Sauvignon 2018,14.0,0.75,19.99,26.653333333333332,0.5252626313156579
0,Villa Maria EarthGarden Sauvignon Blanc 2021,14.0,0.75,19.99,26.653333333333332,0.5252626313156579
0,Casa Silva Cool Coast Pinot Noir 2019,14.0,0.75,19.99,26.653333333333332,0.5252626313156579
0,Anciano Rioja Gran Reserva 2015,14.0,0.75,19.99,26.653333333333332,0.5252626313156579
0,Domaine de la Pirolette Saint-Amour 2020,14.0,0.75,19.99,26.653333333333332,0.5252626313156579
0,Nicosia Frappato 2021,12.5,0.75,17.85,23.8,0.5252100840336135
0,Banfi Grappa di Brunello,45.0,0.7,59.98,85.68571428571428,0.5251750583527843
0,Errázuriz Max Reserva Cabernet Sauvignon 2014,14.0,1.5,39.99,26.66,0.5251312828207052
0,United Gypsies Lojo Bock tölkki,7.0,0.33,4.40,13.333333333333334,0.525
0,Salton Evidence Brut,12.0,0.75,17.15,22.866666666666664,0.5247813411078718
0,Lebenshilfe Dürkheimer Feuerberg Riesling Halbtrocken 2021,11.0,1.0,20.98,20.98,0.5243088655862727
0,Tommasi Le Fornaci Lugana 2021,12.5,0.75,17.89,23.853333333333335,0.524035774175517
0,Steininger Sauvignon Blanc 2021,12.5,0.75,17.89,23.853333333333335,0.524035774175517
0,Trapiche Costa y Pampa Sauvignon Blanc 2016,12.5,0.75,17.90,23.866666666666664,0.5237430167597766
0,Glenglassaugh Revival Single Malt,46.0,0.7,61.49,87.84285714285716,0.5236623841275003
0,Grappa di Monovitigno Cabernet,40.0,0.5,38.20,76.4,0.5235602094240838
0,Ribeiro Santo Encruzado 2021,13.5,0.75,19.34,25.786666666666665,0.5235263702171665
0,Ocho Blanco Mesa Colorada Tequila 2023,40.0,0.5,38.22,76.44,0.5232862375719519
0,Damilano Barbera D'Asti 2020,15.0,0.75,21.50,28.666666666666668,0.5232558139534883
0,Prinz Von Hessen Riesling Feinherb 2021,11.5,0.75,16.49,21.986666666666665,0.5230442692540934
0,Domaine de l'Idylle Rosé 2021,11.5,0.75,16.49,21.986666666666665,0.5230442692540934
0,Snabba Cash by Jens Lapidus Organic Reserva Cava Brut,11.5,0.75,16.49,21.986666666666665,0.5230442692540934
0,Parés Baltà Honeymoon Organic 2021,11.5,0.75,16.49,21.986666666666665,0.5230442692540934
0,Hochriegel Happy Birthday Trocken,11.5,0.75,16.49,21.986666666666665,0.5230442692540934
0,Agricole Selvi Arrogantone Limited Edition Primitivo Appassimento 2018,15.5,0.75,22.24,29.653333333333332,0.5227068345323741
0,Fagerhult Export,5.3,0.5,5.07,10.14,0.5226824457593688
0,French Beaches Electric Rosé 2020,12.5,0.75,17.94,23.92,0.5225752508361203
0,Henri Gaillard Côtes de Provence Rosé 2020,12.5,0.25,5.98,23.92,0.5225752508361203
0,Sorrentino Vesuvio Rosso 2020,12.5,0.75,17.94,23.92,0.5225752508361203
0,Glenglassaugh Torfa Single Malt,50.0,0.7,66.98,95.6857142857143,0.5225440429979098
0,Hewitson Ned & Henry's Shiraz 2015,14.0,0.75,20.10,26.8,0.5223880597014925
0,Lanzerac Cabernet Sauvignon Merlot Petit Verdot 2016,14.0,0.75,20.10,26.8,0.5223880597014925
0,Monkey 47 Schwarzwald Dry Gin,47.0,0.5,44.99,89.98,0.5223382973994221
0,Poderi Cellario Il Giovanotto Rosso,13.0,1.0,24.89,24.89,0.5222981116914424
0,Young's Double Chocolate Stout,5.2,0.5,4.98,9.96,0.5220883534136546
0,Råstoff Pure Liquorice,16.4,0.7,21.99,31.414285714285715,0.5220554797635288
0,La Trentina Grappa Morbida Barrique,41.0,0.7,54.98,78.54285714285714,0.5220080029101491
0,Little Yering Shiraz 2016,14.6,0.75,20.98,27.973333333333333,0.5219256434699714
0,Shao Xing Hua Tiao,17.0,0.75,24.43,32.57333333333333,0.5218993041342612
0,Nekeas Forever Yours 2017,14.0,0.75,20.12,26.826666666666668,0.5218687872763419
0,Ruukki Gin,45.9,0.5,43.99,87.98,0.5217094794271425
0,Ortega Ezquerro Reserva Vino de Tudelilla 2017,14.0,0.75,20.13,26.84,0.5216095380029806
0,Mattsson Motueka Lager,5.2,0.33,3.29,9.969696969696969,0.521580547112462
0,Espiritu de Chile Refreshing & Fruity Red,5.5,0.75,7.91,10.546666666666667,0.5214917825537294
0,Espiritu de Chile Refreshing & Fruity White,5.5,0.75,7.91,10.546666666666667,0.5214917825537294
0,Dopff au Moulin Pinot Blanc du Domaine Familial 2021,12.5,0.75,17.98,23.973333333333333,0.521412680756396
0,Torres Clos Ancestral Forcada Xarel-lo Organic  2022,12.5,0.75,17.98,23.973333333333333,0.521412680756396
0,Fontanafredda Solerose Rosato 2019,12.5,0.75,17.98,23.973333333333333,0.521412680756396
0,Villata Roero Arneis 2021,12.5,0.75,17.98,23.973333333333333,0.521412680756396
0,Francois Martenot Bourgogne Chardonnay Prestige 2018,12.5,0.75,17.98,23.973333333333333,0.521412680756396
0,Destalo Vinho Verde Alvarinho,12.5,0.75,17.98,23.973333333333333,0.521412680756396
0,Freiherr Von Göler Pinot Noir Trocken 2020,12.5,0.75,17.98,23.973333333333333,0.521412680756396
0,Perelada Només Garnatxa Blanca 2022,12.5,0.75,17.98,23.973333333333333,0.521412680756396
0,Corvers Kauter R3 Rheingau Rosé Remastered Organic Pinot Noir 2021,12.5,0.75,17.98,23.973333333333333,0.521412680756396
0,Sarah Jessica Parker Invivo X Rosé 2022,12.5,0.75,17.98,23.973333333333333,0.521412680756396
0,Artazuri Rosé Garnacha 2020,12.5,0.75,17.98,23.973333333333333,0.521412680756396
0,Villa Hochdörffer Riesling Kalkstein Trocken 2019,12.5,0.75,17.98,23.973333333333333,0.521412680756396
0,Weingut Winter Riesling Trocken 2022,12.5,0.75,17.99,23.986666666666665,0.5211228460255698
0,Pedra a Pedra Branco 2020,12.5,0.75,17.99,23.986666666666665,0.5211228460255698
0,The Great Wave Sauvignon Blanc 2022,12.5,0.75,17.99,23.986666666666665,0.5211228460255698
0,Franchetto La Capelina Soave Roncà-Monte Calvarina 2021,12.5,0.75,17.99,23.986666666666665,0.5211228460255698
0,Bertani Velante Pinot Grigio 2021,12.5,0.75,17.99,23.986666666666665,0.5211228460255698
0,Mád Furmint 2017,12.5,0.75,17.99,23.986666666666665,0.5211228460255698
0,Sol,4.5,0.33,2.85,8.636363636363637,0.5210526315789473
0,Leffe Blonde,6.6,0.33,4.18,12.666666666666666,0.5210526315789473
0,Thornbridge Crackendale Citra Pale Ale,5.2,0.5,4.99,9.98,0.5210420841683366
0,Arctic Blue Gin Rose lahjapakkaus,37.5,0.5,35.99,71.98,0.5209780494581828
0,Frontaal For The Love Of Hops Silver Quadrupel IPA tölkki,13.0,0.44,10.98,24.954545454545457,0.5209471766848816
0,To Øl 45 Days Organic Pilsner tölkki,4.7,0.44,3.97,9.022727272727273,0.5209068010075567
0,Domaine des Geais 2019,13.0,0.5,12.48,24.96,0.5208333333333334
0,Villa Maria Private Bin Riesling 2021,12.0,0.75,17.29,23.05333333333333,0.520532099479468
0,Kyrö Blueberry Long Drink tölkki,5.0,0.33,3.17,9.606060606060606,0.5205047318611987
0,Berneroy XO Calvados,40.0,0.35,26.90,76.85714285714286,0.5204460966542751
0,Huyghe Delirium Tremens,8.5,0.33,5.39,16.333333333333332,0.5204081632653061
0,Huyghe Delirium Nocturnum,8.5,0.33,5.39,16.333333333333332,0.5204081632653061
0,Dandelion Vineyard Lionheart of the Barossa Shiraz 2021,14.5,0.75,20.90,27.866666666666664,0.5203349282296651
0,Lignell & Piispanen Mesimarja,27.5,0.35,18.50,52.85714285714286,0.5202702702702703
0,Teeling Cask Strength Pot Still,52.0,0.7,69.98,99.97142857142859,0.5201486138896827
0,Koskenkorva Pure Raspberry Lemon tölkki,5.5,0.33,3.49,10.575757575757576,0.5200573065902578
0,Koskenkorva Pure Strawberry Lime tölkki,5.5,0.33,3.49,10.575757575757576,0.5200573065902578
0,La Trappe Witte Trappist,5.5,0.33,3.49,10.575757575757576,0.5200573065902578
0,Alahovin Mesimarja Vodka,38.0,0.2,14.62,73.1,0.5198358413132695
0,Emil Bauer Wilhelm Rosé 2020,12.5,0.75,18.04,24.05333333333333,0.5196784922394679
0,Pyynikin Recycled Citrus Gin,40.0,0.5,38.49,76.98,0.5196154845414394
0,Glenmorangie The Original 10 Year Old Single Malt,40.0,0.7,53.89,76.9857142857143,0.5195769159398774
0,The Whistler P.X. I Love You Single Malt,46.0,0.7,61.98,88.54285714285714,0.5195224265892223
0,Cecilia Beretta Valpolicella Superiore Ripasso 2020,13.5,0.75,19.49,25.986666666666665,0.5194971780400206
0,Altos Las Hormigas Clásico Malbec 2020,13.5,0.75,19.49,25.986666666666665,0.5194971780400206
0,Grimbergen Double-Ambrée,6.5,0.33,4.13,12.515151515151514,0.5193704600484262
0,Marqués de Valparaíso Crianza 2014,14.5,0.75,20.94,27.92,0.5193409742120344
0,Iso-Kallan Tuco,7.0,0.33,4.45,13.484848484848484,0.5191011235955056
0,Cantina Tombacco Biferno Rosso Riserva 2014,14.0,0.75,20.23,26.973333333333333,0.5190311418685121
0,Opland Edel Madeira,41.5,0.5,39.98,79.96,0.5190095047523763
0,Ukiyo Japanese Yuzu Gin,40.0,0.7,53.95,77.07142857142858,0.5189990732159406
0,Ukiyo Japanese Blossom Gin,40.0,0.7,53.95,77.07142857142858,0.5189990732159406
0,Domaine Du Petit Clocher Rosé d'Anjou 2022,11.0,0.75,15.90,21.2,0.5188679245283019
0,Villa Sandi Il Fresco Prosecco Bio Brut,11.0,0.75,15.90,21.2,0.5188679245283019
0,Stallhagen Honungsöl Pale Lager,4.7,0.33,2.99,9.06060606060606,0.5187290969899666
0,Poli Po'di Aromatica Grappa,40.0,0.7,53.98,77.11428571428571,0.5187106335679882
0,Cragganmore 12 Year Old Single Malt,40.0,0.7,53.98,77.11428571428571,0.5187106335679882
0,Hacker-Pschorr Oktoberfest Märzen,5.8,0.33,3.69,11.181818181818182,0.5186991869918699
0,Courvoisier VSOP,40.0,0.7,54.00,77.14285714285715,0.5185185185185185
0,Yellow Rose Premium American,40.0,0.7,54.00,77.14285714285715,0.5185185185185185
0,Boom Boom Syrah  2019,14.5,0.75,20.98,27.973333333333333,0.5183508102955195
0,Condado de Haza Crianza 2019,14.5,0.75,20.98,27.973333333333333,0.5183508102955195
0,Espera Arinto & Fernão Pires 2017,13.5,0.75,19.55,26.066666666666666,0.5179028132992327
0,JP. Chenet Ice Edition Rosé Demi-Sec,11.0,0.2,4.25,21.25,0.5176470588235295
0,Kopke Late Bottled Vintage 2016,20.0,0.75,28.98,38.64,0.5175983436853002
0,Kakheti Co. Saperavi Qvevri 2019,13.5,0.75,19.57,26.093333333333334,0.5173735309146653
0,Tyto Alba 2019,14.0,0.75,20.30,27.066666666666666,0.5172413793103449
0,Malmgård Xmas Porter,6.8,0.33,4.34,13.15151515151515,0.5170506912442396
0,Original Long Shot,15.5,0.7,20.99,29.985714285714284,0.5169128156264888
0,Original Long Shot Lemon,15.5,0.7,20.99,29.985714285714284,0.5169128156264888
0,Põhjala Must Kuld Porter,7.8,0.33,4.98,15.090909090909092,0.516867469879518
0,Mustan Virran Pistolekors Porter,7.0,0.33,4.47,13.545454545454543,0.5167785234899329
0,Gustave Lorentz Evidence Pinot Blanc Biologique 2020,12.5,0.75,18.15,24.2,0.5165289256198348
0,Chivas Regal 12 Years Old,40.0,0.2,15.49,77.45,0.5164622336991608
0,Aberlour A'Bunadh Alba Single Malt,62.7,0.7,84.99,121.41428571428571,0.5164136957289093
0,Harahorn Norwegian Small Batch Pink Gin,40.0,0.5,38.73,77.46,0.5163955589981927
0,Alberto Nani Organic Prosecco Extra Dry,11.0,0.375,7.99,21.30666666666667,0.516270337922403
0,Freesoul Organic Prosecco Brut,11.0,0.375,7.99,21.30666666666667,0.516270337922403
0,Gancia Prosecco Rose Extra Dry 2021,11.0,0.75,15.98,21.30666666666667,0.516270337922403
0,Gysler Sandstein Riesling Trocken 2021,11.0,0.75,15.98,21.30666666666667,0.516270337922403
0,Casa Canevel Prosecco Brut 2020,11.0,0.75,15.98,21.30666666666667,0.516270337922403
0,Casa Canevel Prosecco Rosé Brut 2021,11.0,0.75,15.98,21.30666666666667,0.516270337922403
0,Fidora Tenuta Civranetta Prosecco Extra Dry,11.0,0.75,15.98,21.30666666666667,0.516270337922403
0,X-Berg Organic Riesling Feinherb 2020,11.0,0.75,15.98,21.30666666666667,0.516270337922403
0,Belstar Cult Prosecco Extra Dry,11.0,0.75,15.98,21.30666666666667,0.516270337922403
0,Dissegna Millesimato Prosecco Extra Dry 2022,11.0,0.75,15.98,21.30666666666667,0.516270337922403
0,Pasqua PassioneSentimento Prosecco Rosé Extra Dry 2021,11.0,0.75,15.98,21.30666666666667,0.516270337922403
0,Entre Vinyes Oniric Rosat 2022,11.0,0.75,15.98,21.30666666666667,0.516270337922403
0,Meinklang Pet Nat,11.0,0.75,15.99,21.32,0.5159474671669794
0,M. Chapoutier Domaine des Granges de Mirabel Viognier 2021,13.0,0.75,18.90,25.2,0.5158730158730159
0,Montes Alpha Special Cuvée Sauvignon Blanc 2016,13.0,0.75,18.90,25.2,0.5158730158730159
0,Vieil Armand Riesling Grand Cru Ollwiller 2019,13.0,0.75,18.90,25.2,0.5158730158730159
0,Hunawihr Pinot Blanc Barrique Cigogne 2021,13.0,0.75,18.90,25.2,0.5158730158730159
0,Josep Foraster Petita Julieta Blanc 2020,13.0,0.75,18.90,25.2,0.5158730158730159
0,Innis & Gunn Caribbean Rum Cask,6.8,0.33,4.35,13.18181818181818,0.5158620689655173
0,Kosoolan Panimo Pohjoisen Jättiläinen,12.0,0.33,7.68,23.27272727272727,0.5156250000000001
0,Beefeater London Dry Gin muovipullo,40.0,0.05,3.88,77.6,0.5154639175257733
0,Pheasant's Sail Pinot Noir 2020,13.0,0.75,18.92,25.22666666666667,0.5153276955602536
0,Clynelish 14 Year Old Single Malt,46.0,0.7,62.49,89.27142857142859,0.5152824451912306
0,Masaki Yamadanishiki Junmai Genshu Sake,18.0,0.3,10.48,34.93333333333334,0.515267175572519
0,Huber Grüner Veltliner Terrassen 2022,12.5,0.75,18.20,24.266666666666666,0.5151098901098902
0,Sori Honesty Is Ryediculously Delicious Rye IPA tölkki,7.0,0.44,5.98,13.590909090909092,0.5150501672240803
0,Sori Empathy Paints Clouds NEIPA tölkki,7.0,0.44,5.98,13.590909090909092,0.5150501672240803
0,Tooth & Claw One Eye IPA tölkki,7.0,0.44,5.98,13.590909090909092,0.5150501672240803
0,Velkopopovický Kozel Dark,3.8,0.5,3.69,7.38,0.5149051490514905
0,Yali Three Lagoons Gran Reserva Riesling 2021,12.0,0.375,8.74,23.30666666666667,0.5148741418764302
0,Bernard-Massard Chardonnay Brut,12.0,0.75,17.49,23.319999999999997,0.5145797598627788
0,Bernard-Massard Cuvée de l'Ecusson Magnum Brut,12.0,1.5,34.98,23.319999999999997,0.5145797598627788
0,Lindauer Special Reserve Rose Brut,12.0,0.75,17.49,23.319999999999997,0.5145797598627788
0,Leffe Brune,6.5,0.33,4.17,12.636363636363635,0.5143884892086331
0,Trenz Basic 22 Riesling 2022,12.5,0.75,18.23,24.30666666666667,0.5142622051563357
0,Quinta do Cachão Red 2020,13.0,0.375,9.48,25.28,0.5142405063291139
0,Chardonnay de Purcari 2021,13.5,0.75,19.69,26.253333333333334,0.5142204164550533
0,Erasmo 2015,14.5,0.75,21.15,28.2,0.5141843971631206
0,Thistly Cross Original Scottish Cider tölkki,6.2,0.33,3.98,12.06060606060606,0.514070351758794
0,1800 Reposado Tequila,38.0,0.7,51.75,73.92857142857143,0.5140096618357488
0,H by Hine VSOP,40.0,0.7,54.48,77.82857142857142,0.5139500734214391
0,Harviestoun Schiehallion Craft Lager,4.8,0.5,4.67,9.34,0.5139186295503212
0,Frescobaldi Castiglioni Chianti 2019,13.0,0.375,9.49,25.30666666666667,0.5136986301369862
0,Merlet C2 Café Liqueur,33.0,0.7,44.97,64.24285714285715,0.513675783855904
0,Château des Anglades 2022,13.0,0.75,18.99,25.319999999999997,0.5134281200631913
0,Golpe Reserva 2021,13.0,0.75,18.99,25.319999999999997,0.5134281200631913
0,Terre del Barolo Nebbiolo d'Alba Biologico 2019,13.0,0.75,18.99,25.319999999999997,0.5134281200631913
0,Mathilde Chapoutier Selection Grand Ferrage Rose 2021,13.0,0.75,18.99,25.319999999999997,0.5134281200631913
0,Les Affranchis Cuvée Urbaine 2019,13.0,0.75,18.99,25.319999999999997,0.5134281200631913
0,Guštin Malvazija Orange wine 2018,13.0,0.75,18.99,25.319999999999997,0.5134281200631913
0,Winzer Krems Bio Grüner Veltliner 2021,13.0,0.75,18.99,25.319999999999997,0.5134281200631913
0,Zetian Tempranillo Ecologico 2020,13.0,0.75,18.99,25.319999999999997,0.5134281200631913
0,Dorigo Ribolla Gialla 2021,12.5,0.75,18.26,24.346666666666668,0.5134173055859803
0,Kahurangi Estate Riesling 2016,11.5,0.75,16.80,22.400000000000002,0.5133928571428571
0,Ramos Pinto Late Bottled Vintage Port 2017,19.5,0.75,28.49,37.986666666666665,0.5133380133380133
0,Humalove Dame Barley English Barleywine,10.5,0.33,6.75,20.454545454545453,0.5133333333333334
0,Top Fuel High Octane Imperial Stout,10.0,0.33,6.43,19.484848484848484,0.5132192846034215
0,Nonino Grappa Chardonnay 12 mesi,41.0,0.5,39.95,79.9,0.5131414267834793
0,Nonino Grappa il Merlot,41.0,0.5,39.95,79.9,0.5131414267834793
0,Kleinood Blaauwklippenpad Tamboerskloof Katharien Rosé 2019,13.0,0.75,19.01,25.346666666666668,0.5128879537085744
0,Select Aperitivo,17.5,0.7,23.89,34.12857142857143,0.5127668480535789
0,Woodford Reserve Distiller's Select,43.2,0.7,58.98,84.25714285714285,0.5127161749745677
0,Mommessin Morgon Côte du Py 2022,14.0,0.75,20.48,27.30666666666667,0.5126953125
0,Konepaja Rooftop Gin,41.0,0.5,39.99,79.98,0.5126281570392598
0,Gran Feudo Moscatel 2015,12.0,0.375,8.78,23.41333333333333,0.5125284738041003
0,Milestii Mici Univers Sauvignon Blanc 2021,13.0,0.75,19.03,25.373333333333335,0.512348922753547
0,Maku Tila Vahva Maalaisolut tölkki,6.8,0.33,4.38,13.272727272727272,0.5123287671232877
0,Tenuta Carretta Barbera d'Alba 2021,14.0,0.75,20.50,27.333333333333332,0.5121951219512195
0,Ontañón Reserva 2015,14.0,0.75,20.50,27.333333333333332,0.5121951219512195
0,Weemala Shiraz Viognier 2016,13.5,0.75,19.77,26.36,0.5121396054628224
0,Diemersdal Estate Sauvignon Blanc Reserve 2021,13.5,0.75,19.77,26.36,0.5121396054628224
0,Inchmoan 12 Year Old Single Malt,46.0,0.7,62.88,89.82857142857144,0.5120865139949109
0,Inchmurrin 12 Year Old Single Malt,46.0,0.7,62.88,89.82857142857144,0.5120865139949109
0,Somersby Apple Cider,4.5,0.33,2.90,8.787878787878787,0.5120689655172415
0,Somersby Blackberry,4.5,0.33,2.90,8.787878787878787,0.5120689655172415
0,Somersby Pear Cider,4.5,0.33,2.90,8.787878787878787,0.5120689655172415
0,Chateau Ste Michelle Cabernet Sauvignon 2018,13.5,0.75,19.78,26.373333333333335,0.5118806875631952
0,Torbreck Old Vines GSM 2018,15.0,0.75,21.99,29.319999999999997,0.5115961800818555
0,Kos Anita Brut 2017,13.5,0.75,19.80,26.400000000000002,0.5113636363636364
0,Signorelli Valpolicella Ripasso Superiore 2020,13.5,0.375,9.90,26.400000000000002,0.5113636363636364
0,Jackson Estate Watercourse Cabernet Merlot Malbec 2020,13.5,0.375,9.90,26.400000000000002,0.5113636363636364
0,Ferrand 10 Generations,46.0,0.5,44.98,89.96,0.511338372610049
0,Lapostolle Cuvée Alexandre Chardonnay 2019,14.5,0.75,21.27,28.36,0.5112834978843441
0,1731 Fine & Rare Panama 6 Years Old,46.0,0.7,62.98,89.97142857142858,0.5112734201333756
0,Vuona Dry Gin,47.0,0.5,45.98,91.96,0.5110917790343628
0,Château de Montfaucon La Côte Côtes du Rhône 2019,14.5,0.75,21.28,28.373333333333335,0.5110432330827067
0,Gomez Cruzado Vendemmia Seleccionada 2020,14.5,0.75,21.28,28.373333333333335,0.5110432330827067
0,Peter Lehmann Layers White 2021,11.5,0.75,16.89,22.52,0.5106571936056838
0,Lepaan Lämmin 2019,11.0,0.75,16.16,21.546666666666667,0.510519801980198
0,Fat Lizard 254 California Redwood IPA tölkki,6.3,0.44,5.43,12.34090909090909,0.5104972375690608
0,Williams Elegant 48 Gin,48.0,0.7,65.82,94.02857142857142,0.5104831358249773
0,Bunnahabhain Toiteach A Dhà Single Malt,46.3,0.7,63.49,90.7,0.5104740904079382
0,Kopparberg Pear Cider Light tölkki,4.5,0.44,3.88,8.818181818181818,0.5103092783505154
0,Tampere-London Dry Gin,47.0,0.5,46.06,92.12,0.5102040816326531
0,Flor de Caña Centenario 12,40.0,0.7,54.89,78.41428571428573,0.5101111313536163
0,Old Pulteney 12 Year Old Single Malt,40.0,0.7,54.89,78.41428571428573,0.5101111313536163
0,Bache-Gabrielsen Suomi 1917-2017,40.0,0.7,54.89,78.41428571428573,0.5101111313536163
0,Moersleutel Mexicoffeecake tölkki,11.0,0.44,9.49,21.56818181818182,0.5100105374077977
0,Peroni Nastro Azzurro,4.6,0.33,2.98,9.03030303030303,0.5093959731543625
0,Bumbu XO,40.0,0.7,54.98,78.54285714285714,0.5092761004001455
0,Aberlour 12 Year Old Double Cask Matured Single Malt,40.0,0.7,54.98,78.54285714285714,0.5092761004001455
0,The Real McCoy 12 Year Old,40.0,0.7,54.99,78.55714285714286,0.5091834879068922
0,Grey Goose Vodka,40.0,0.7,54.99,78.55714285714286,0.5091834879068922
0,Jura 12 Year Old Single Malt,40.0,0.7,54.99,78.55714285714286,0.5091834879068922
0,Glenfiddich 12 Year Old Single Malt,40.0,0.7,54.99,78.55714285714286,0.5091834879068922
0,The Glenlivet 12 Year Old Single Malt,40.0,0.7,54.99,78.55714285714286,0.5091834879068922
0,Highland Park 12 Year Old Single Malt,40.0,0.7,54.99,78.55714285714286,0.5091834879068922
0,Plantation Venezuela 2010,52.0,0.7,71.49,102.12857142857143,0.5091621205763044
0,Christian Drouin Le Domfrontais Calvados,40.0,0.7,55.00,78.57142857142857,0.5090909090909091
0,Tenuta Vignega Ripasso Valpolicella Superiore 2019,13.5,0.75,19.89,26.52,0.5090497737556561
0,Hunawihr Riesling Grand Cru Rosacker 2022,13.5,0.75,19.89,26.52,0.5090497737556561
0,Yalumba Sanctum Cabernet Sauvignon 2019,13.5,0.75,19.89,26.52,0.5090497737556561
0,Petaluma Hanlin Hill Riesling 2021,13.5,0.75,19.89,26.52,0.5090497737556561
0,Lurton Cuesta de Oro 2021,13.5,0.75,19.89,26.52,0.5090497737556561
0,Glenfarclas 10 Year Old Single Malt,40.0,0.7,55.01,78.58571428571429,0.5089983639338302
0,De Heidebrouwerij BijenBlond,6.2,0.33,4.02,12.18181818181818,0.5089552238805971
0,Fat Lizard In Jail Monopoly IPA tölkki,6.5,0.44,5.62,12.772727272727273,0.5088967971530249
0,Briza del Mar Selecció Cava Brut Rosé 2021,11.5,0.75,16.95,22.599999999999998,0.5088495575221239
0,Ciavolich Montepulciano d'Abruzzo 2022,13.5,0.75,19.90,26.53333333333333,0.5087939698492463
0,Paolo Scavino Vino Rosso 2019,13.5,0.75,19.90,26.53333333333333,0.5087939698492463
0,Cantina Tramin Alto Adige Chardonnay 2022,13.5,0.375,9.95,26.53333333333333,0.5087939698492463
0,Plan B Modern Red Pinot Noir Shiraz 2020,13.5,0.75,19.90,26.53333333333333,0.5087939698492463
0,Cline Sauvignon Blanc 2022,13.5,0.75,19.90,26.53333333333333,0.5087939698492463
0,Kirkstall Spokane West Coast IPA tölkki,6.0,0.44,5.19,11.795454545454547,0.5086705202312138
0,Yellow Rose Rye,45.0,0.7,62.00,88.57142857142858,0.5080645161290321
0,Smeaton's Bristol Method Dry Gin,45.0,0.7,62.00,88.57142857142858,0.5080645161290321
0,Sori Batch no. 666,12.3,0.33,7.99,24.21212121212121,0.5080100125156446
0,X-Berg Pinot Noir Rosé 2021,11.5,0.75,16.98,22.64,0.5079505300353356
0,Plantation Panama Vintage 2008,45.7,0.7,62.99,89.9857142857143,0.5078583902206699
0,Navarro Premium Rosso Vermouth,15.0,0.5,14.77,29.54,0.5077860528097495
0,Innis & Gunn The Original,6.6,0.33,4.29,13.0,0.5076923076923077
0,Freixenet Prosecco Extra Dry Magnum,11.0,1.5,32.50,21.666666666666668,0.5076923076923077
0,Tappara Estenas Cava Brut Nature 2018,11.5,0.75,16.99,22.653333333333332,0.5076515597410242
0,Parés Baltà Pink Organic Cava Brut,11.5,0.75,16.99,22.653333333333332,0.5076515597410242
0,Cason Brusa Prosecco Extra Dry,11.5,0.75,16.99,22.653333333333332,0.5076515597410242
0,Cason Brusa Prosecco Rosè Extra Dry 2022,11.5,0.75,16.99,22.653333333333332,0.5076515597410242
0,Medici Ermete Concerto Reggiano Lambrusco 2022,11.5,0.75,16.99,22.653333333333332,0.5076515597410242
0,Jan Vidal Honor Rose Cava Brut,11.5,0.75,16.99,22.653333333333332,0.5076515597410242
0,Graf von Schönborn Weisser Burgunder Trocken 2021,11.5,0.75,16.99,22.653333333333332,0.5076515597410242
0,Jakob Jung Riesling Classic 2022,11.5,0.75,16.99,22.653333333333332,0.5076515597410242
0,Weingut am Stein Gutssilvaner 2020,11.5,0.75,16.99,22.653333333333332,0.5076515597410242
0,Jan Vidal Honor Cava Brut Seleccío,11.5,0.75,16.99,22.653333333333332,0.5076515597410242
0,Val d'Oca Prosecco Superiore Millesimato Extra Dry 2021,11.5,0.75,16.99,22.653333333333332,0.5076515597410242
0,Lindauer Special Reserve Blanc de Blancs Brut,11.5,0.75,16.99,22.653333333333332,0.5076515597410242
0,Vinicola de Nulles Adernats Organic Cava Brut Nature,11.5,0.75,16.99,22.653333333333332,0.5076515597410242
0,Pazo de Monterrey Mencía 2020,13.5,0.75,19.95,26.599999999999998,0.5075187969924813
0,Chateau Chizay Cuvée Red 2019,13.5,0.75,19.95,26.599999999999998,0.5075187969924813
0,Kakheti Bedoba Saperavi 2020,13.5,0.75,19.95,26.599999999999998,0.5075187969924813
0,Gaudium Vinum Galos Pinot Noir Reserve Organic 2016,13.5,0.75,19.95,26.599999999999998,0.5075187969924813
0,Cecilia Beretta Freeda Rosé 2022,12.5,0.75,18.48,24.64,0.5073051948051948
0,Barbuntin Albariño 2022,12.5,0.75,18.48,24.64,0.5073051948051948
0,Quinta da Boa Esperança Arinto 2021,13.5,0.75,19.96,26.613333333333333,0.5072645290581163
0,Stone Tangerine Express Hazy IPA tölkki,6.7,0.355,4.69,13.211267605633804,0.5071428571428571
0,Thatchers Green Goblin,5.0,0.5,4.93,9.86,0.5070993914807302
0,Boutari Naoussa 2019,12.5,0.75,18.49,24.653333333333332,0.5070308274743105
0,Maku Imperial Stout tölkki,10.0,0.33,6.51,19.727272727272727,0.5069124423963134
0,400 Conejos Joven Mezcal,38.0,0.7,52.49,74.9857142857143,0.5067631929891407
0,Bread & Butter Pinot Noir 2021,13.5,0.75,19.98,26.64,0.5067567567567568
0,Domaine des Grands Rocs Juliénas Vieilles Vignes 2020,13.5,0.75,19.98,26.64,0.5067567567567568
0,Verrocchio Valpolicella Ripasso Superiore 2019,13.5,0.375,9.99,26.64,0.5067567567567568
0,Bread & Butter Chardonnay 2021,13.5,0.75,19.98,26.64,0.5067567567567568
0,1000 Lakes Barrel Aged Navy Strength Gin,57.0,0.5,56.26,112.52,0.5065766086029151
0,Hernö Gin,40.5,0.5,39.98,79.96,0.506503251625813
0,La Casa di Roberta Valpolicella Ripasso Organic 2019,13.5,0.75,19.99,26.653333333333332,0.5065032516258129
0,Erste+Neue Südtirol-Alto Adige Pinot Bianco 2021,13.5,0.75,19.99,26.653333333333332,0.5065032516258129
0,Fraga do Corvo Godello 2022,13.5,0.75,19.99,26.653333333333332,0.5065032516258129
0,Lan Reserva 2017,13.5,0.75,19.99,26.653333333333332,0.5065032516258129
0,Chateau Ste Michelle Syrah 2020,13.5,0.75,19.99,26.653333333333332,0.5065032516258129
0,Escudo Rojo Reserva Chardonnay 2020,13.5,0.75,19.99,26.653333333333332,0.5065032516258129
0,Villa Maria Earthgarden Pinot Gris  2021,13.5,0.75,19.99,26.653333333333332,0.5065032516258129
0,Ilramato Pinot Grigio 2021,13.5,0.75,19.99,26.653333333333332,0.5065032516258129
0,Podere Il Balzo Chianti Rufina 2019,13.5,0.75,19.99,26.653333333333332,0.5065032516258129
0,Cortes de Cima Dois Terroirs 2017,13.5,0.75,19.99,26.653333333333332,0.5065032516258129
0,Cortes de Cima Chamine Vinho Tinto  2018,13.5,0.75,19.99,26.653333333333332,0.5065032516258129
0,Nivarius Fermentado en Barrica 2019,13.5,0.75,19.99,26.653333333333332,0.5065032516258129
0,Benufet Garnatxa Blanca 2022,13.5,0.75,19.99,26.653333333333332,0.5065032516258129
0,Lanzerac Chardonnay 2021,13.5,0.75,19.99,26.653333333333332,0.5065032516258129
0,E. Guigal Tavel 2019,13.5,0.75,19.99,26.653333333333332,0.5065032516258129
0,Conde Vimioso Sommelier Edition Red 2020,13.5,0.75,19.99,26.653333333333332,0.5065032516258129
0,Lionel Osmin & Cie Coeur de Malbec Cahors 2020,13.5,0.75,19.99,26.653333333333332,0.5065032516258129
0,Château Fourcas-Borie 2012,13.5,0.75,19.99,26.653333333333332,0.5065032516258129
0,Jules du Souzy Roche Bleue Côte de Brouilly 2022,13.5,0.75,19.99,26.653333333333332,0.5065032516258129
0,Calvet Réserve des Remparts Saint-Emilion 2020,13.5,0.75,19.99,26.653333333333332,0.5065032516258129
0,Les Abeilles De Colombo Côtes Du Rhône Rouge 2019,13.5,0.75,19.99,26.653333333333332,0.5065032516258129
0,Cedro Chianti Rufina 2019,13.5,0.75,19.99,26.653333333333332,0.5065032516258129
0,Mullineux Kloof Street Rouge 2020,13.5,0.75,19.99,26.653333333333332,0.5065032516258129
0,A.A Badenhorst Secateurs Chenin Blanc 2021,13.5,0.75,19.99,26.653333333333332,0.5065032516258129
0,Indigena Organic 2020,13.5,0.75,19.99,26.653333333333332,0.5065032516258129
0,Antiche Terre Ripasso Mezzo Monte Organic 2020,13.5,0.75,19.99,26.653333333333332,0.5065032516258129
0,Zuccardi Q Chardonnay 2015,13.5,0.75,19.99,26.653333333333332,0.5065032516258129
0,Frankland Estate Riesling 2019,13.5,0.75,19.99,26.653333333333332,0.5065032516258129
0,Erste+Neue Alto Adige Chardonnay 2021,13.5,0.75,19.99,26.653333333333332,0.5065032516258129
0,Pezat Rouge 2021,13.5,0.75,19.99,26.653333333333332,0.5065032516258129
0,Lagoalva Reserva Tinto 2019,13.5,0.75,19.99,26.653333333333332,0.5065032516258129
0,Poggiotondo Toscana Rosato Organic 2020,13.5,0.75,19.99,26.653333333333332,0.5065032516258129
0,Domain Road Bannockburn Pinot Noir 2018,13.5,0.75,19.99,26.653333333333332,0.5065032516258129
0,Altos Las Hormigas Terroir Luján de Cuyo 2017,13.5,0.75,19.99,26.653333333333332,0.5065032516258129
0,Torres Cordillera Cabernet Sauvignon 2019,13.5,0.75,19.99,26.653333333333332,0.5065032516258129
0,T.H. Chardonnay 2019,13.5,0.75,19.99,26.653333333333332,0.5065032516258129
0,Kuentz-Bas Signature la 4eme Tour 2019,13.5,0.75,19.99,26.653333333333332,0.5065032516258129
0,Steininger Reserve Ried Loisium Grüner Veltliner 2021,13.5,0.75,19.99,26.653333333333332,0.5065032516258129
0,Braun Cabernet Sauvignon 2019,13.5,0.75,19.99,26.653333333333332,0.5065032516258129
0,Château du Moulin Noir Lussac-Saint-Emilion 2012,13.5,0.75,19.99,26.653333333333332,0.5065032516258129
0,Catena Malbec 2020,13.5,0.75,19.99,26.653333333333332,0.5065032516258129
0,Jackson Estate Vintage Widow Pinot Noir 2018,13.5,0.75,19.99,26.653333333333332,0.5065032516258129
0,Elgin Vintners Sauvignon Blanc 2020,13.5,0.75,19.99,26.653333333333332,0.5065032516258129
0,Wente Sandstone Merlot 2020,13.5,0.75,19.99,26.653333333333332,0.5065032516258129
0,Bushmills 10 Year Old Single Malt,40.0,0.7,55.29,78.9857142857143,0.506420690902514
0,Lustau Amontillado Los Arcos Sherry Dry,18.5,0.375,13.70,36.53333333333333,0.5063868613138687
0,Demuerte Gold 2018,14.5,0.75,21.48,28.64,0.5062849162011173
0,Signe Vignerons Secrets de Granit Chiroubles  2021,12.5,0.75,18.52,24.69333333333333,0.5062095032397409
0,Hiisi Tahva Baltic Porter,7.5,0.33,4.89,14.818181818181817,0.5061349693251534
0,Hiisi Iku-Tihku Masala Stout,7.5,0.33,4.89,14.818181818181817,0.5061349693251534
0,Hiisi Pirunpelto Doppelbock,7.5,0.33,4.89,14.818181818181817,0.5061349693251534
0,Schlossbräu Kellerbier,5.0,0.5,4.94,9.88,0.5060728744939271
0,Johnnie Walker Green Label 15 Year Old Blended Malt,43.0,0.7,59.49,84.9857142857143,0.505967389477223
0,Dalwhinnie 15 Year Old Single Malt,43.0,0.7,59.49,84.9857142857143,0.505967389477223
0,Train Station Dark Side Barley Wine,9.0,0.33,5.87,17.78787878787879,0.5059625212947189
0,St. Bernardus Pater 6,6.7,0.33,4.37,13.242424242424242,0.5059496567505721
0,Geyerhof StockWerk Zweigelt 2020,12.0,0.75,17.79,23.72,0.5059021922428331
0,Feiler-Artinger Zweigelt 2021,12.0,0.75,17.79,23.72,0.5059021922428331
0,Sagrado Reserva 2016,14.0,0.75,20.76,27.680000000000003,0.5057803468208092
0,Tarón Reserva 2015,13.5,0.75,20.02,26.69333333333333,0.5057442557442557
0,Peat's Beast PX Sherry Finish Batch Strength Single Malt,54.1,0.7,74.89,106.9857142857143,0.5056749899853118
0,Castaño Santa,15.5,0.75,22.99,30.653333333333332,0.5056546324488909
0,Kimito RyeWine,9.5,0.33,6.20,18.78787878787879,0.5056451612903226
0,Gonzalez Byass Cristina Sherry,17.5,0.375,12.98,34.61333333333334,0.5055855161787365
0,Zukunftsweine Muscaris 2021,11.5,0.75,17.06,22.746666666666666,0.5055685814771396
0,Evan Williams Single Barrel Vintage Bourbon 2014,43.3,0.7,59.99,85.7,0.5052508751458576
0,Rippa Dorii Crianza 2020,14.5,0.75,21.53,28.706666666666667,0.5051091500232234
0,Mastroberardino Fiano di Avellino 2021,12.5,0.75,18.57,24.76,0.5048465266558966
0,Hardy Organic VSOP,40.0,0.7,55.48,79.25714285714285,0.5046863734679164
0,The English Small Batch Rum Cask Single Malt,46.0,0.7,63.82,91.17142857142858,0.5045440300846129
0,Etz Chardonnay Ried Bleckenweg 2017,13.5,0.75,20.08,26.77333333333333,0.5042330677290837
0,Can Ràfols dels Caus Petit Caus Rosé 2018,12.0,0.75,17.85,23.8,0.5042016806722689
0,Lójhtu Gin,46.3,0.5,45.93,91.86,0.5040278684955367
0,Torabhaig Allt Gleann Batch Strength Single Malt,61.1,0.7,84.96,121.37142857142857,0.5034133709981168
0,1000 Lakes Willow Gin,43.0,0.7,59.80,85.42857142857143,0.5033444816053512
0,Domaine de l'Amauve Les Merrelies Côtes-du-Rhône Villages Séguret 2020,15.5,0.375,11.55,30.8,0.5032467532467533
0,Château Ogier de Gourgue 2015,13.0,0.75,19.38,25.84,0.5030959752321982
0,Pieropan Soave Classico 2022,12.0,0.75,17.89,23.853333333333335,0.5030743432084963
0,The Boss Prosecco Millesimato Extra Dry 2021,11.0,0.75,16.40,21.866666666666664,0.503048780487805
0,Old Pulteney Huddart Single Malt,46.0,0.7,64.05,91.5,0.5027322404371585
0,Pyynikin Korpiklaani Vodka,42.5,0.5,42.27,84.54,0.5027206056304707
0,Nittnaus Zweigelt Heideboden 2021,13.0,0.375,9.70,25.866666666666664,0.502577319587629
0,Kopparberg Pear Cider tölkki,4.5,0.44,3.94,8.954545454545455,0.5025380710659898
0,O.P. Anderson Aquavit,40.0,0.05,3.98,79.6,0.5025125628140704
0,Meukow VSOP Superior,40.0,0.35,27.86,79.60000000000001,0.5025125628140703
0,Hinch Peated Single Malt,43.0,0.7,59.90,85.57142857142857,0.5025041736227045
0,Château Carsin Cuvée du Chat Blanc 2021,12.5,0.75,18.66,24.88,0.502411575562701
0,Tour des Gendres Cuvée des Conti 2019,14.0,0.75,20.90,27.866666666666664,0.5023923444976077
0,Savon Kyynel Kilju,14.0,0.5,13.94,27.88,0.5021520803443329
0,Plantation Barbados Vintage 2013,50.2,0.7,69.98,99.97142857142859,0.5021434695627321
0,Ocho Reposado El Nacimiento Tequila 2022,40.0,0.5,39.83,79.66,0.5021340697966358
0,Tuori Honey Moonshine,40.0,0.5,39.83,79.66,0.5021340697966358
0,Efes Pilsener,5.0,0.5,4.98,9.96,0.502008032128514
0,Junimperium Winter Edition Gin,43.0,0.7,59.98,85.68571428571428,0.5018339446482161
0,Junimperium Summer Edition,43.0,0.7,59.98,85.68571428571428,0.5018339446482161
0,The Chita Single Grain Whisky,43.0,0.7,59.99,85.7,0.5017502917152858
0,Aberlour Casg Annamh Single Malt,48.0,0.7,66.99,95.7,0.5015673981191222
0,Gwynt y Ddraig Black Dragon,6.5,0.5,6.48,12.96,0.5015432098765432
0,Badagoni Maestro Semi Dry,11.5,0.75,17.20,22.933333333333334,0.501453488372093
0,Badagoni Maestro Brut,11.5,0.75,17.20,22.933333333333334,0.501453488372093
0,Ullins Bittersweet Longshot muovipullo,35.0,0.1,6.98,69.8,0.501432664756447
0,Murviedro Sericis Bobal Magnum 2016,13.0,1.5,38.89,25.926666666666666,0.501414245307277
0,Morin Crémant de Loire Rosé Brut,12.0,0.75,17.95,23.933333333333334,0.5013927576601671
0,Merul Mavrud Reserva 2016,14.5,0.75,21.69,28.92,0.5013831258644537
0,Laitilan Brändy Long Drink tölkki,5.5,0.33,3.62,10.969696969696969,0.5013812154696133
0,Laitilan Brändy Long Drink 6-pack tölkki,5.5,1.98,21.72,10.969696969696969,0.5013812154696133
0,That Boutique-y Gin Company Spit-Roasted Pineapple Gin,40.1,0.5,39.99,79.98,0.5013753438359589
0,That Boutique-y Gin Company Strawberry & Balsamico Gin,40.1,0.5,39.99,79.98,0.5013753438359589
0,Jameson,40.0,0.05,3.99,79.8,0.5012531328320802
0,Heidell Black Edition Gin,40.0,0.5,39.90,79.8,0.5012531328320802
0,Jack Daniel's Old No. 7 muovipullo,40.0,0.05,3.99,79.8,0.5012531328320802
0,Shepherd Neame Master Brew,4.0,0.5,3.99,7.98,0.5012531328320802
0,Tuori Gin,40.0,0.5,39.92,79.84,0.501002004008016
0,Tuori Akvavit,40.0,0.5,39.92,79.84,0.501002004008016
0,Diplomático Reserva Exclusiva,40.0,0.7,55.90,79.85714285714286,0.5008944543828264
0,Torabhaig Legacy Allt Gleann Single Malt,46.0,0.7,64.29,91.84285714285716,0.5008554985223207
0,Spritz Almare Classico,8.0,0.75,11.98,15.973333333333334,0.5008347245409015
0,Spritz Almare Hugo,8.0,0.75,11.98,15.973333333333334,0.5008347245409015
0,Yellowstone Select,46.5,0.7,65.00,92.85714285714286,0.5007692307692307
0,Kyrö Dark Rye Bitter,33.0,0.5,32.95,65.9,0.5007587253414264
0,Nøgne Ø Robust Porter,7.0,0.5,6.99,13.98,0.5007153075822603
0,Massenez Crème de Mûre,20.0,0.35,13.98,39.94285714285714,0.5007153075822603
0,Portal 6 Barrels Tawny Reserve Port,20.0,0.375,14.98,39.946666666666665,0.5006675567423231
0,Zazazu Demi Sec,10.0,0.75,14.98,19.973333333333333,0.5006675567423231
0,Minttu Cream Chocolate & Mint,16.0,0.5,15.98,31.96,0.5006257822277848
0,Fogt Scheurebe Trocken 2021,12.0,0.75,17.98,23.973333333333333,0.5005561735261401
0,Pfaff Crémant d'Alsace Rosé Brut,12.0,0.75,17.98,23.973333333333333,0.5005561735261401
0,Signature de Colmar Pinot Blanc 2021,12.0,0.375,8.99,23.973333333333333,0.5005561735261401
0,Heinrich Naked Red 2018,12.0,0.75,17.98,23.973333333333333,0.5005561735261401
0,Pflüger Me & Sushi 2021,12.0,0.75,17.98,23.973333333333333,0.5005561735261401
0,Casa Marin Cartagena Riesling 2022,12.0,0.75,17.98,23.973333333333333,0.5005561735261401
0,Wolfberger (W) Crémant d’Alsace Organic Brut,12.0,0.75,17.98,23.973333333333333,0.5005561735261401
0,Alta Alella Mirgin Reserva Cava Brut Nature 2019,12.0,0.75,17.98,23.973333333333333,0.5005561735261401
0,Guerrieri Rizzardi Fior di Rosa Bardolino Chiaretto Extra Dry,12.0,0.75,17.98,23.973333333333333,0.5005561735261401
0,Lindauer Special Reserve Brut,12.0,0.75,17.98,23.973333333333333,0.5005561735261401
0,Wongraven Senza Compromesso Piemonte Rosato 2019,12.0,0.75,17.98,23.973333333333333,0.5005561735261401
0,Wolfberger Celebration Unique Crémant Brut,12.0,0.75,17.98,23.973333333333333,0.5005561735261401
0,Pra' Otto 2022,12.0,0.75,17.98,23.973333333333333,0.5005561735261401
0,Bolla Lugana 2021,13.0,0.75,19.48,25.973333333333333,0.5005133470225873
0,Tombacco Pecorino 2016,13.5,0.75,20.23,26.973333333333333,0.5004943153732081
0,Torres Celeste Crianza 2020,14.0,0.75,20.98,27.973333333333333,0.5004766444232602
0,Barone Ricasoli Brolio Chianti Classico 2018,14.0,0.75,20.98,27.973333333333333,0.5004766444232602
0,Rabarbra Rhubarb Sparkling Dry 2022,8.0,0.75,11.99,15.986666666666666,0.5004170141784821
0,Villa W. Steep Slope Riesling  Dry,11.0,0.75,16.49,21.986666666666665,0.5003032140691328
0,Casa Gheller Prosecco Brut,11.0,0.75,16.49,21.986666666666665,0.5003032140691328
0,Pizzolato Organic Valdobbiadene Superiore Prosecco Extra Dry 2022,11.0,0.75,16.49,21.986666666666665,0.5003032140691328
0,Nadal Reserva Corpinnat Brut,12.0,0.75,17.99,23.986666666666665,0.500277932184547
0,Zerbina Bianco di Ceparano 2021,12.0,0.75,17.99,23.986666666666665,0.500277932184547
0,Veuve Ambal Grande Cuvée Crémant de Bourgogne Brut,12.0,0.75,17.99,23.986666666666665,0.500277932184547
0,Wolfberger Crémant d'Alsace Rosé Brut,12.0,0.75,17.99,23.986666666666665,0.500277932184547
0,Loimer Lois Grüner Veltliner 2022,12.0,0.75,17.99,23.986666666666665,0.500277932184547
0,Schloss Reinhartshausen Riesling Trocken 2018,12.0,0.75,17.99,23.986666666666665,0.500277932184547
0,Hiruzta Txakolina 2021,12.0,0.75,17.99,23.986666666666665,0.500277932184547
0,Chateau Terrefort de Monterichard Cabernet Franc 2020,13.0,0.75,19.49,25.986666666666665,0.5002565418163161
0,Zisola Azisa Bianco 2021,13.0,0.75,19.49,25.986666666666665,0.5002565418163161
0,Readers´Gin Raspberry Chick Lit,40.0,0.5,39.98,79.96,0.5002501250625313
0,Apteekkarin Cognac VSOP Organic lahjapakkaus,40.0,0.5,39.98,79.96,0.5002501250625313
0,Glitter Fisk Gold,15.0,0.7,20.99,29.985714285714284,0.5002382086707956
0,Dr. Wehrheim Trocken Riesling 2018,12.0,1.0,23.99,23.99,0.5002084201750729
0,Torres 20 Hors d'âge Brandy,40.0,0.7,55.98,79.97142857142858,0.5001786352268667
0,Dow's 10 Year Old Tawny Port,20.0,0.75,29.99,39.986666666666665,0.500166722240747
0,Mosgaard Sweet Rhubarb Organic Gin,40.0,0.5,39.99,79.98,0.5001250312578144
0,Helsinki Night Gin,40.0,0.5,39.99,79.98,0.5001250312578144
0,Braastad Cognac Christmas Edition,40.0,0.5,39.99,79.98,0.5001250312578144
0,Beefeater Crown Jewel London Dry Gin,50.0,1.0,99.98,99.98,0.5001000200040008
0,1689 Dutch Pink Gin The Queen Mary Edition,38.5,0.7,53.89,76.9857142857143,0.5000927815921321
0,Tomintoul 10 Year Old Single Malt,40.0,0.7,55.99,79.9857142857143,0.5000893016610108
0,Bowmore 12 Year Old Single Malt,40.0,0.7,55.99,79.9857142857143,0.5000893016610108
0,Kimito 300 Triple,9.0,0.33,5.94,18.0,0.5
0,Verrocchio Prosecco Extra Dry,11.0,0.2,4.40,22.0,0.5
0,Maku Brewing West Coast IPA tölkki,6.0,0.33,3.96,12.0,0.5
0,V8+ Sior Sandro Prosecco Extra Dry,11.0,0.75,16.50,22.0,0.5
0,Mallassepät Double Banger NEDIPA tölkki,8.0,0.33,5.28,16.0,0.5
0,Casa Lupo Valpolicella Ripasso Superiore 2020,14.5,0.75,21.76,29.013333333333335,0.4997702205882353
0,Tuju Vuohineuvos Heller Bock tölkki,6.8,0.44,5.99,13.613636363636363,0.4994991652754591
0,Teeling Blackpitts Peated Single Malt,46.0,0.7,64.49,92.12857142857143,0.4993022173980462
0,Patrón Silver Tequila,40.0,0.7,56.08,80.11428571428571,0.4992867332382311
0,Thornbridge Jaipur IPA,5.9,0.33,3.90,11.818181818181817,0.4992307692307693
0,Hiisi Iku-Turso Barrel Aged Imperial Stout,9.0,0.33,5.95,18.03030303030303,0.4991596638655462
0,Château Saint Hilaire 2020,12.5,0.75,18.79,25.05333333333333,0.49893560404470466
0,Cooney´s Irish Cider tölkki,4.5,0.44,3.97,9.022727272727273,0.49874055415617125
0,Château de Riquewihr les Maquisards Pinot Gris 2017,13.0,0.75,19.55,26.066666666666666,0.49872122762148335
0,Velenosi Lacrima di Morro 2020,12.5,0.75,18.80,25.066666666666666,0.49867021276595747
0,Formigo Blanco 2018,12.0,0.75,18.05,24.066666666666666,0.4986149584487535
0,Pyynikin Recycled Citrus Gin Liqueur,20.0,0.5,20.06,40.12,0.4985044865403789
0,Masseria Romano Negroamaro 2021,13.0,0.75,19.57,26.093333333333334,0.4982115482881962
0,Masseria Romano Nero di Troia 2016,13.0,0.75,19.57,26.093333333333334,0.4982115482881962
0,Hoppa Extra Pils tölkki,5.9,0.33,3.91,11.848484848484848,0.4979539641943735
0,Thornbridge Charlie Brown Peanut Butter Brown Ale tölkki,6.2,0.44,5.48,12.454545454545455,0.4978102189781022
0,The Botanist Islay Dry Gin,46.0,0.2,18.49,92.44999999999999,0.4975662520281234
0,Nordfors & Friends Omena-Inkivääri,5.5,0.275,3.04,11.054545454545453,0.4975328947368422
0,Nordfors & Friends Omena-Raparperi,5.5,0.275,3.04,11.054545454545453,0.4975328947368422
0,Teerenpeli Single Hop Stouter,6.0,0.33,3.98,12.06060606060606,0.49748743718592964
0,Mallaskoski Pinterial Stout Please,9.0,0.33,5.98,18.12121212121212,0.49665551839464883
0,Scrimaglio Barbera d'Asti Superiore 2021,14.5,0.75,21.90,29.2,0.4965753424657534
0,Substance Cs Cabernet Sauvignon 2021,14.5,0.75,21.90,29.2,0.4965753424657534
0,Luigi Bosca De Sangre Malbec 2020,14.5,0.75,21.90,29.2,0.4965753424657534
0,D'Arenberg The Bonsai Vine 2017,14.5,0.75,21.90,29.2,0.4965753424657534
0,Domaine Maire & Fils Grand Minéral Chardonnay 2021,12.5,0.75,18.88,25.173333333333332,0.49655720338983056
0,Domaine Maire Grand Minéral Pinot Noir 2021,12.5,0.75,18.88,25.173333333333332,0.49655720338983056
0,Menabrea Bionda,4.8,0.33,3.19,9.666666666666666,0.496551724137931
0,Darroze Les Grands Assemblages 8 Ans d'Âge,43.0,0.7,60.62,86.60000000000001,0.4965357967667436
0,Achel Blond,8.0,0.33,5.32,16.12121212121212,0.4962406015037594
0,Crafter's Aromatic Flower Gin muovipullo,44.4,0.04,3.58,89.5,0.4960893854748603
0,Wohlmuth Südsteiermark Sauvignon Blanc  2022,12.5,0.75,18.90,25.2,0.49603174603174605
0,Cantina Tramin Cuvee T Rosso 2020,12.5,0.75,18.90,25.2,0.49603174603174605
0,Bock's Doppelbock,7.5,0.33,4.99,15.121212121212121,0.49599198396793587
0,Leffe D´hiver Winter,6.6,0.75,9.98,13.306666666666667,0.49599198396793587
0,Mallassepät Double or Nothing DDH DIPA tölkki,7.5,0.33,4.99,15.121212121212121,0.49599198396793587
0,Bruno Murciano & Co Pieles Doradas 2019,13.0,0.75,19.66,26.213333333333335,0.4959308240081383
0,Panimoyhtiö X Marras Imperial Stout,9.0,0.33,5.99,18.151515151515152,0.49582637729549245
0,Laphroaig 10 Year Old Single Malt,40.0,0.7,56.50,80.71428571428572,0.495575221238938
0,Kyrö Dark Gin,42.6,0.5,42.99,85.98,0.4954640614096301
0,Crasto Superior 2019,14.0,0.75,21.20,28.266666666666666,0.49528301886792453
0,Château Beauséjour 2014,14.0,0.75,21.22,28.293333333333333,0.4948162111215834
0,Montalto Ammasso Rosso 2020,14.5,0.75,21.98,29.30666666666667,0.49476797088262053
0,Arnaldo Caprai Montefalco Rosso 2020,14.5,0.75,21.98,29.30666666666667,0.49476797088262053
0,Casa Santos Lima Reserva 2015,14.5,0.75,21.99,29.319999999999997,0.49454297407912695
0,Trediberri Barbera d'Alba 2022,14.5,0.75,21.99,29.319999999999997,0.49454297407912695
0,Dominio del Soto Tempranillo 2018,14.5,0.75,21.99,29.319999999999997,0.49454297407912695
0,Seis de Azul y Garanza 2019,14.5,0.75,21.99,29.319999999999997,0.49454297407912695
0,Matsu El Recio 2020,14.5,0.75,21.99,29.319999999999997,0.49454297407912695
0,Baron de Ley Reserva Organic 2019,14.5,0.75,21.99,29.319999999999997,0.49454297407912695
0,Stift Klosterneuburg Mathäi Brut,12.5,0.75,18.96,25.28,0.49446202531645567
0,Piersanti Ciao Verdicchio 2022,14.5,0.75,22.00,29.333333333333332,0.4943181818181818
0,Kweichow Moutai Yingbin,53.5,0.5,54.12,108.24,0.49427198817442725
0,Tselepos Amalia Brut,12.0,0.75,18.21,24.28,0.4942339373970346
0,Zull Weinviertel Grüner Veltliner Trocken 2021,12.5,0.75,18.97,25.293333333333333,0.4942013705851344
0,JP. Chenet Ice Edition Demi Sec,10.5,0.2,4.25,21.25,0.49411764705882355
0,Philipp Kuhn Gewürztraminer Tradition 2021,12.5,0.75,18.98,25.30666666666667,0.49394099051633295
0,Gorka Izagirre Basque 2020,12.5,0.75,18.98,25.30666666666667,0.49394099051633295
0,Passione Natura Montepulciano 2021,12.5,0.75,18.98,25.30666666666667,0.49394099051633295
0,Martin Codax Albariño 2022,12.5,0.75,18.98,25.30666666666667,0.49394099051633295
0,Bogle Cabernet Sauvignon 2014,13.5,0.75,20.50,27.333333333333332,0.49390243902439024
0,Big Belly Liquid Desserts 11 Caribbean Coffeecake Tonka Stout,11.0,0.33,7.35,22.27272727272727,0.4938775510204082
0,Chin Chin Cava Brut,11.5,0.75,17.47,23.293333333333333,0.49370349170005723
0,Casal de Armán Eira dos Mouros Tinto 2019,12.5,0.75,18.99,25.319999999999997,0.4936808846761454
0,Vignalucis Castelmarino Vermentino 2021,12.5,0.75,18.99,25.319999999999997,0.4936808846761454
0,Emilio Moro Polvorete 2022,12.5,0.75,18.99,25.319999999999997,0.4936808846761454
0,Okendo Txakolina Pilpil 2021,12.5,0.75,18.99,25.319999999999997,0.4936808846761454
0,Le Mandolare Soave Classico Menini 2021,12.5,0.75,18.99,25.319999999999997,0.4936808846761454
0,Pasqua 11 Minutes Rosé 2022,12.5,0.75,18.99,25.319999999999997,0.4936808846761454
0,Moretti Omero Terre di Giano 2020,13.5,0.75,20.52,27.36,0.493421052631579
0,Tenute Lombardo Sualtezza 650 Brut,11.5,0.75,17.49,23.319999999999997,0.493138936535163
0,Pere Ventura Primer Organic Reserva Cava Brut,11.5,0.75,17.49,23.319999999999997,0.493138936535163
0,Corvezzo Magnum Organic Prosecco Extra Dry,11.5,1.5,34.99,23.326666666666668,0.4929979994284081
0,Azueira O Mâgnanimo D. João V 2017,13.0,0.75,19.78,26.373333333333335,0.4929221435793731
0,Villa Yustina Rose Brut 2017,13.0,0.75,19.78,26.373333333333335,0.4929221435793731
0,Uiltje Dr. Raptor Double IPA tölkki,8.2,0.33,5.49,16.636363636363637,0.49289617486338794
0,Dr Thanisch Riesling 2022,10.5,0.75,15.98,21.30666666666667,0.49280350438047554
0,Alexander Gysler Feldgeflüster Riesling Kabinett 2016,10.5,0.75,15.98,21.30666666666667,0.49280350438047554
0,Bock's Helmi Cider,8.0,0.33,5.36,16.242424242424242,0.49253731343283585
0,Meinklang Prosa 2021,10.5,0.75,15.99,21.32,0.4924953095684803
0,Sierra Nevada Pale Ale,5.6,0.35,3.98,11.371428571428572,0.4924623115577889
0,Olutpaja Vasen Ranta IPA,6.5,0.5,6.60,13.2,0.49242424242424243
0,Podere Ruggeri Corsini Rosin Rosato 2021,13.0,0.75,19.80,26.400000000000002,0.4924242424242424
0,Arthur Metz Crémant d'Alsace Riesling Brut,12.0,0.75,18.29,24.386666666666667,0.4920721705850191
0,Astiazaran 11,6.5,0.75,9.91,13.213333333333333,0.49192734611503536
0,Louis Raison Rouge Délice,5.5,0.33,3.69,11.181818181818182,0.491869918699187
0,Louis Raison Original Crisp,5.5,0.33,3.69,11.181818181818182,0.491869918699187
0,Fiskarsin Sepän Shavu Savulager tölkki,5.5,0.33,3.69,11.181818181818182,0.491869918699187
0,Glencadam 10 Year Old Single Malt,46.0,0.7,65.49,93.55714285714285,0.4916781187967629
0,The Glenrothes 12 Year Old Single Malt,40.0,0.7,56.96,81.37142857142858,0.4915730337078651
0,Marchisio Roero Arneis 2019,13.0,0.75,19.84,26.453333333333333,0.49143145161290325
0,Belvedere Pure Vodka,40.0,0.7,56.99,81.41428571428573,0.4913142656606421
0,Shinsei,40.0,0.7,57.01,81.44285714285715,0.49114190492895976
0,Luca Bosio Nebbiolo d'Alba 2020,14.0,0.75,21.38,28.506666666666664,0.4911131898971001
0,Strongbow British Dry,5.0,0.33,3.36,10.181818181818182,0.4910714285714286
0,Mionetto Prosecco Brut,11.0,0.2,4.48,22.400000000000002,0.49107142857142855
0,Mionetto Prosecco Rosé Extra Dry,11.0,0.2,4.48,22.400000000000002,0.49107142857142855
0,Punaisen Tuvan Kupliva Mahlaskumppa,13.0,0.75,19.86,26.48,0.49093655589123864
0,Coeur du Breuil à la Pomme et à la Vanille,16.0,0.7,22.82,32.6,0.49079754601226994
0,Huyghe Delirium Red,8.0,0.33,5.38,16.3030303030303,0.4907063197026023
0,Tedeschi Valpolicella Classico Superiore 2020,14.0,0.75,21.40,28.53333333333333,0.4906542056074767
0,Helsinki Long Drink Gin & Pink Grapefruit,5.5,0.33,3.70,11.212121212121213,0.4905405405405405
0,Ainoa Ilta 2019,14.0,0.7,19.98,28.542857142857144,0.4904904904904905
0,Codorníu Rosado Cava Brut,11.5,0.2,4.69,23.45,0.49040511727078895
0,Codorníu Organic Cava Brut,11.5,0.2,4.69,23.45,0.49040511727078895
0,Bobby’s Schiedam Dry Gin,42.0,0.7,59.97,85.67142857142858,0.4902451225612806
0,Yvon Mau Saint-Émilion 2019,13.0,0.75,19.89,26.52,0.4901960784313726
0,Alois Lageder Pinot Grigio 2022,13.0,0.75,19.89,26.52,0.4901960784313726
0,Bruery Mash & Coconut 2017,13.0,0.75,19.89,26.52,0.4901960784313726
0,Turonia Albariño 2021,13.0,0.75,19.89,26.52,0.4901960784313726
0,Château de Pierreux Brouilly 2021,13.0,0.75,19.89,26.52,0.4901960784313726
0,Quinta De Porrais Reserva Branco 2019,13.0,0.75,19.89,26.52,0.4901960784313726
0,Nagu Oak Aged Gin,47.0,0.5,47.96,95.92,0.48999165971643033
0,Michael Opitz Blaufränkisch Reserve Ried Vierteljoch 2019,13.0,0.75,19.90,26.53333333333333,0.4899497487437186
0,Pascal Bellier Cour-Cheverny 2021,13.0,0.75,19.90,26.53333333333333,0.4899497487437186
0,Open Water Winter Warmer 2020,10.0,0.33,6.74,20.424242424242426,0.4896142433234421
0,Prunotto Bansella 2020,15.0,0.75,22.98,30.64,0.489556135770235
0,Malmgård X-Porter,7.0,0.33,4.72,14.303030303030301,0.48940677966101703
0,Gran Clos Solluna 2016,15.0,0.75,22.99,30.653333333333332,0.489343192692475
0,Kajo Arctic Cloudberry Liqueur,21.0,0.35,15.03,42.94285714285714,0.48902195608782434
0,Mallassepät Leka Extra IPA tölkki,6.8,0.33,4.59,13.909090909090908,0.48888888888888893
0,Verrocchio Prosecco Rosè Extra Dry,11.0,0.2,4.50,22.5,0.4888888888888889
0,Rigal Troisième Terrasse Malbec 2018,14.0,0.75,21.48,28.64,0.4888268156424581
0,Vin Sauvage a Poil Regnie 2021,14.0,0.75,21.48,28.64,0.4888268156424581
0,Chateau Corconnac 2012,13.0,0.75,19.95,26.599999999999998,0.4887218045112782
0,Château de l’Escarelle Machaon 2020,13.0,0.75,19.95,26.599999999999998,0.4887218045112782
0,Isola Augusta Pinot Nero 2022,13.0,0.75,19.95,26.599999999999998,0.4887218045112782
0,Os Dunares Albariño Atlantico 2021,13.0,0.75,19.95,26.599999999999998,0.4887218045112782
0,Rosae Arzuaga 2019,13.0,0.75,19.95,26.599999999999998,0.4887218045112782
0,Viña los Valles Reserva 2014,13.0,0.75,19.95,26.599999999999998,0.4887218045112782
0,Brunehaut Ambrée Bio Gluten Free,6.5,0.33,4.39,13.303030303030301,0.48861047835990895
0,Bock's India Pale Ale,6.5,0.33,4.39,13.303030303030301,0.48861047835990895
0,Fritz Walter Pinot Noir Rosé 2020,13.0,0.375,9.98,26.613333333333333,0.48847695390781565
0,Marchesi Di Barolo Maraia 2021,14.0,0.75,21.50,28.666666666666668,0.4883720930232558
0,Valamo Absinthe,68.0,0.5,69.63,139.26,0.48829527502513287
0,Soligo Col de Mez Prosecco Extra Dry,11.0,0.75,16.90,22.53333333333333,0.48816568047337283
0,Churchill's Late Bottled Vintage Port 2018,19.5,0.375,14.98,39.946666666666665,0.48815086782376504
0,Szigeti Pinot Noir Rosé Brut 2018,13.0,0.75,19.98,26.64,0.487987987987988
0,Brooklyn Defender IPA,5.5,0.33,3.72,11.272727272727273,0.48790322580645157
0,Valmiñor Albariño 2021,13.0,0.75,19.99,26.653333333333332,0.487743871935968
0,Spier Methode Cap Classique Chardonnay Pinot Noir Brut 2018,13.0,0.75,19.99,26.653333333333332,0.487743871935968
0,Migliarina Chardonnay 2020,13.0,0.75,19.99,26.653333333333332,0.487743871935968
0,Château de La Chaize Brouilly 2022,13.0,0.75,19.99,26.653333333333332,0.487743871935968
0,Kelman Encruzado 2019,13.0,0.75,19.99,26.653333333333332,0.487743871935968
0,Krämer Straight Chardonnay 2022,13.0,0.75,19.99,26.653333333333332,0.487743871935968
0,Mullineux Kloof Street Chenin Blanc 2021,13.0,0.75,19.99,26.653333333333332,0.487743871935968
0,Villa Maria Reserve Sauvignon Blanc 2022,13.0,0.75,19.99,26.653333333333332,0.487743871935968
0,Château de l'Orangerie Cuvée Ace of Spades 2017,13.0,0.75,19.99,26.653333333333332,0.487743871935968
0,Sovibor Mamoré de Borba White 2020,13.0,0.75,19.99,26.653333333333332,0.487743871935968
0,Banfi La Pettegola Vermentino 2022,13.0,0.75,19.99,26.653333333333332,0.487743871935968
0,Caruso & Minini Bio Catarratto 2016,13.0,0.75,19.99,26.653333333333332,0.487743871935968
0,Château du Moulin Noir Montagne-Saint-Emilion 2012,13.0,0.75,19.99,26.653333333333332,0.487743871935968
0,Mouton Cadet Cuvée Héritage 2017,13.0,1.5,39.98,26.653333333333332,0.487743871935968
0,Noita Loop Garoo 2021,13.0,0.75,19.99,26.653333333333332,0.487743871935968
0,Anselmo Mendes Contacto Alvarinho 2021,13.0,0.75,19.99,26.653333333333332,0.487743871935968
0,A.A Badenhorst Secateurs Red Blend 2021,13.0,0.75,19.99,26.653333333333332,0.487743871935968
0,Tommasi Arele 2018,13.0,0.75,19.99,26.653333333333332,0.487743871935968
0,Qvevris Saperavi 2019,13.0,0.75,19.99,26.653333333333332,0.487743871935968
0,Cannonball Sauvignon Blanc 2020,13.0,0.75,19.99,26.653333333333332,0.487743871935968
0,Glekhuri Khasmi Saperavi Qvevri 2019,13.0,0.75,19.99,26.653333333333332,0.487743871935968
0,Noita Grüner Veltliner 2021,13.0,0.75,19.99,26.653333333333332,0.487743871935968
0,Shabo Reserve Cabernet 2021,13.0,0.75,19.99,26.653333333333332,0.487743871935968
0,Château de la Terrière Régnié 2021,13.0,0.75,19.99,26.653333333333332,0.487743871935968
0,Les Abeilles De Colombo Cotes Du Rhône Blanc 2020,13.0,0.75,19.99,26.653333333333332,0.487743871935968
0,Mud House Woolshed Vineyard Sauvignon Blanc  2020,13.0,0.75,19.99,26.653333333333332,0.487743871935968
0,Mount Riley Pinot Noir 2020,13.0,0.75,19.99,26.653333333333332,0.487743871935968
0,Château la Bienveillance Rouge 2019,13.0,0.75,19.99,26.653333333333332,0.487743871935968
0,Edoardo Organic Chianti 2020,13.0,0.75,19.99,26.653333333333332,0.487743871935968
0,Anselmann Edesheimer Rosengarten Riesling Spätlese Trocken 2020,13.0,0.75,19.99,26.653333333333332,0.487743871935968
0,Sutherland Chardonnay 2019,13.0,0.75,19.99,26.653333333333332,0.487743871935968
0,Neil Ellis Elgin Chardonnay 2020,13.0,0.75,19.99,26.653333333333332,0.487743871935968
0,Langlois-Chateau Saumur-Champigny 2021,13.0,0.75,19.99,26.653333333333332,0.487743871935968
0,Astobiza Rose 2020,13.0,0.75,19.99,26.653333333333332,0.487743871935968
0,Ramón do Casar Treixadura 2018,13.0,0.75,19.99,26.653333333333332,0.487743871935968
0,Thörle Saulheim Spätburgunder Kalkstein 2016,13.0,0.75,19.99,26.653333333333332,0.487743871935968
0,Ska Modus Hoperandi IPA tölkki,6.8,0.355,4.95,13.943661971830988,0.4876767676767676
0,Greystone Pinot Noir Rose 2021,13.5,0.75,20.78,27.706666666666667,0.4872473532242541
0,Martell VSOP,40.0,0.7,57.49,82.12857142857143,0.48704122456079313
0,Aveleda Solos de Xisto 2021,12.0,0.75,18.48,24.64,0.487012987012987
0,Dupont Moinette Blonde,8.5,0.33,5.76,17.454545454545453,0.4869791666666667
0,Wolfberger Crémant d'Alsace Magnum Brut,12.0,1.5,36.98,24.653333333333332,0.48674959437533805
0,Carl Loewen Quant Riesling 2022,11.0,0.75,16.95,22.599999999999998,0.4867256637168142
0,Williams Juicy Joker NEIPA tölkki,5.0,0.44,4.52,10.272727272727272,0.4867256637168142
0,Apis Korzenny,11.0,0.75,16.95,22.599999999999998,0.4867256637168142
0,Mallaskoski Sian Carlo Italo Pils,5.0,0.33,3.39,10.272727272727273,0.48672566371681414
0,Hayman's Peach & Rose Cup,25.0,0.7,35.98,51.4,0.48638132295719844
0,Minttu Peppermint muovipullo,40.0,0.04,3.29,82.25,0.48632218844984804
0,Hegarty Chamans Les Nonnes 2016,14.0,0.75,21.60,28.8,0.4861111111111111
0,Ruosniemen Imperial Stout Rye Malt Whisky,10.0,0.33,6.79,20.575757575757574,0.4860088365243005
0,Erland Gran Vin de Vuokatti,12.0,0.75,18.52,24.69333333333333,0.4859611231101512
0,Glenfarclas 12 Year Old Single Malt,43.0,0.7,61.98,88.54285714285714,0.4856405292029687
0,Montelvini Prosecco Biologico Extra Dry,11.0,0.75,16.99,22.653333333333332,0.4855797527957622
0,Mionetto Valdobbiadene Prosecco Superiore Brut,11.0,0.75,16.99,22.653333333333332,0.4855797527957622
0,Astoria Prosecco Extra Dry,11.0,0.75,16.99,22.653333333333332,0.4855797527957622
0,Thörle Riesling Feinherb 2021,11.0,0.75,16.99,22.653333333333332,0.4855797527957622
0,Bubi Prosecco Treviso Extra Dry,11.0,0.75,16.99,22.653333333333332,0.4855797527957622
0,Pasqua PassioneSentimento Prosecco Brut,11.0,0.75,16.99,22.653333333333332,0.4855797527957622
0,San Martino Buon Bosco Prosecco Extra Dry,11.0,0.75,16.99,22.653333333333332,0.4855797527957622
0,Baglietti Organic Prosecco Rosé Extra Dry 2020,11.0,0.75,16.99,22.653333333333332,0.4855797527957622
0,Thevenet & Fils Mâcon Milly-Lamartine 2022,13.5,0.75,20.86,27.813333333333333,0.48537871524448706
0,Minor Case Straight Rye,45.0,0.7,64.90,92.71428571428572,0.485362095531587
0,Iso-Kallan Lakkaa Juomasta,7.0,0.33,4.76,14.424242424242422,0.4852941176470589
0,Brewski T-Horse Double IPA tölkki,8.5,0.33,5.78,17.515151515151516,0.4852941176470588
0,Puntun Paavo,10.0,0.75,15.46,20.613333333333333,0.4851228978007762
0,Polz Therese Ried Theresienhöhe Sauvignon Blanc 2020,13.0,0.75,20.10,26.8,0.48507462686567165
0,Rooster's Strength In Numbers West Coast IPA tölkki,7.0,0.44,6.35,14.431818181818182,0.48503937007874015
0,Laugar Aupa Tovarisch Russian Imperial Stout,13.4,0.33,9.12,27.636363636363633,0.48486842105263167
0,Great Divide Titan IPA tölkki,7.1,0.355,5.20,14.647887323943664,0.48471153846153836
0,Krušovice Cerne,3.8,0.5,3.92,7.84,0.4846938775510204
0,G.D Vajra Dolcetto d'Alba 2021,13.5,0.75,20.90,27.866666666666664,0.4844497607655503
0,Château de Seguin Cuvée Prestige 2017,13.5,0.75,20.90,27.866666666666664,0.4844497607655503
0,Kentucky Vintage,45.0,0.7,65.04,92.91428571428573,0.48431734317343167
0,Quinta de la Rosa Late Bottled Vintage Port 2017,19.5,0.75,30.20,40.266666666666666,0.48427152317880795
0,Teeling Single Malt,46.0,0.05,4.75,95.0,0.4842105263157895
0,Valamon Kultahunaja Munkkilikööri,20.0,0.35,14.46,41.31428571428572,0.4840940525587828
0,Fleurs de Prairie Rosé 2021,12.5,1.5,38.74,25.826666666666668,0.4839958699019101
0,Compass Box The Spice Tree Blended Malt,46.0,0.7,66.53,95.04285714285714,0.48399218397715316
0,Hugh Hamilton The Villain Cabernet Sauvignon 2020 lahjapakkaus,14.7,0.75,22.78,30.373333333333335,0.4839771729587357
0,Valpincia Reserva 2011,14.5,0.75,22.48,29.973333333333333,0.48376334519572955
0,Steininger Riesling 2020,12.5,0.375,9.69,25.84,0.48374613003095973
0,Lagunitas IPA,6.2,0.355,4.55,12.816901408450704,0.48373626373626377
0,Penderyn Rich Oak Single Malt,46.0,0.7,66.59,95.12857142857143,0.48355608950292833
0,Ironstone Reserve Viognier 2019,14.5,0.75,22.49,29.986666666666665,0.48354824366385063
0,Zaccagnini Montepulciano d'Abruzzo 2020,12.5,0.375,9.70,25.866666666666664,0.48324742268041243
0,Rochefort 10,11.3,0.33,7.72,23.39393939393939,0.4830310880829016
0,Green Spot Single Pot Still,40.0,0.7,57.99,82.84285714285716,0.48284186928780815
0,Hanko 5 Star Cognac Braastad,40.0,0.7,57.99,82.84285714285716,0.48284186928780815
0,The Quiet Man 8 Year Old Single Malt Whiskey,40.0,0.7,57.99,82.84285714285716,0.48284186928780815
0,Meukow Xpresso,20.0,0.35,14.50,41.42857142857143,0.48275862068965514
0,Esporão Reserva Branco 2021,13.5,0.75,20.98,27.973333333333333,0.48260247855100097
0,Moulin de Gassac Pont de Gassac 2021,13.5,0.75,20.98,27.973333333333333,0.48260247855100097
0,Kelman Tinto 2017,13.5,0.75,20.98,27.973333333333333,0.48260247855100097
0,Creation Viognier 2020,13.5,0.75,20.98,27.973333333333333,0.48260247855100097
0,Antinori Pèppoli 2022,13.5,0.75,20.98,27.973333333333333,0.48260247855100097
0,Fournier Cidre Bio,4.8,0.75,7.46,9.946666666666667,0.4825737265415549
0,Domaine d'Albas,14.0,0.75,21.76,29.013333333333335,0.4825367647058823
0,Chateau Haut-Lariveau 2017,12.5,0.75,19.43,25.906666666666666,0.4825012866700978
0,Nagu Midsummer Gin,42.0,0.5,43.54,87.08,0.48231511254019294
0,Agricole Selvi Arrogantone Limited Edition Aglianico 2018,15.0,0.75,23.33,31.106666666666666,0.4822117445349336
0,Masottina Costabella Prosecco Brut,11.5,0.75,17.89,23.853333333333335,0.4821129122414756
0,Lacrima Baccus Cava Reserva Semi Seco 2021,11.5,0.75,17.89,23.853333333333335,0.4821129122414756
0,Bernard-Massard Cuvee Arja Koriseva Brut,12.0,0.2,4.98,24.900000000000002,0.48192771084337344
0,Kopparberg Strawberry & Lime Premium Cider tölkki,4.5,0.44,4.11,9.340909090909092,0.4817518248175182
0,Gevelli Saperavi Qvevri Reserve 2018,13.0,0.75,20.24,26.986666666666665,0.48171936758893286
0,Petra Unger Zweigelt Rosé 2022,12.0,0.75,18.69,24.92,0.4815409309791332
0,Compass Box The Peat Monster Blended Malt,46.0,0.7,66.91,95.58571428571429,0.48124346136601404
0,Kingsbarns Distillery Reserve Single Malt,61.8,0.7,89.90,128.42857142857144,0.48120133481646266
0,Bestheim Coeur de Lune Crémant Brut,12.5,0.75,19.49,25.986666666666665,0.48101590559261165
0,Engel Crémant d'Alsace Chardonnay Brut 2021,12.5,0.75,19.49,25.986666666666665,0.48101590559261165
0,Calvet In Pinot Noir Rosé Brut,12.0,0.2,4.99,24.95,0.4809619238476954
0,Compass Box The Story Of The Spaniard Blended Malt,43.3,0.7,63.04,90.05714285714286,0.4808058375634517
0,Briza del Mar Cava Brut Nature Organic,11.5,0.75,17.94,23.92,0.4807692307692307
0,Original Long Drink Mango tölkki,4.5,0.33,3.09,9.363636363636363,0.48058252427184467
0,Happy Joe Cloudy Apple,4.7,0.275,2.69,9.781818181818181,0.4804832713754647
0,Coolhead Tuots Lairepmi tölkki,10.0,0.33,6.87,20.818181818181817,0.48034934497816595
0,Sefa Kulla Chardonnay Reserve 2017,14.0,0.75,21.86,29.146666666666665,0.48032936870997256
0,Stallhagen Baltic Porter,7.0,0.33,4.81,14.575757575757574,0.4802494802494803
0,Moersleutel Could You Pass Me The Wire Stripper tölkki,8.5,0.44,7.79,17.704545454545453,0.48010269576379977
0,Latourba Cival 2019,13.5,0.75,21.09,28.12,0.4800853485064011
0,Latourba Solac Rosé 2019,13.5,0.75,21.09,28.12,0.4800853485064011
0,Freixenet Elyssia Gran Cuvée Cava Brut,11.5,0.75,17.98,23.973333333333333,0.47969966629588434
0,Oniric Pet Nat 2021,11.5,0.75,17.98,23.973333333333333,0.47969966629588434
0,Villa Conchi Cava Brut,11.5,0.375,8.99,23.973333333333333,0.47969966629588434
0,Perelada Cuvée Especial Cava Brut Nature 2021,11.5,0.75,17.98,23.973333333333333,0.47969966629588434
0,Celler 9+ Medol Carnatxa Cabernet 2017,13.5,0.75,21.11,28.146666666666665,0.4796305068687826
0,Bruichladdich The Classic Laddie Single Malt,50.0,0.7,72.99,104.27142857142857,0.47951774215645976
0,Luigi Bosca Cabernet Franc  2015,14.0,0.75,21.90,29.2,0.4794520547945206
0,Yalumba Samuel's Collection Barossa Bush Vine Grenache 2019,14.0,0.75,21.90,29.2,0.4794520547945206
0,Sassoregale Sangiovese 2020,14.0,0.75,21.90,29.2,0.4794520547945206
0,DOM Bischöfliche Weingüter Trier Riesling Trocken 2020,11.5,0.75,17.99,23.986666666666665,0.4794330183435242
0,Maset L'avi Pau Gran Reserva Cava Brut Nature 2019,11.5,0.75,17.99,23.986666666666665,0.4794330183435242
0,Heidell Navy Strength Gin,57.0,0.1,11.89,118.9,0.47939444911690493
0,Pizzolato Prosecco Biologico Extra Dry 2022,11.0,0.2,4.59,22.95,0.4793028322440087
0,Original Long Drink Gin & Raspberry tölkki,4.5,0.33,3.10,9.393939393939394,0.4790322580645161
0,Original Long Drink Gin & Peach tölkki,4.5,0.33,3.10,9.393939393939394,0.4790322580645161
0,St. Bernardus Wit,5.5,0.33,3.79,11.484848484848484,0.47889182058047497
0,The Demon's Share 12 Year Old,41.0,0.7,59.98,85.68571428571428,0.4784928309436479
0,Volbeat Seal the Deal,41.0,0.7,59.98,85.68571428571428,0.4784928309436479
0,The Spirit of Mallaskoski,38.0,0.5,39.71,79.42,0.4784688995215311
0,Domaine Franck Chavy Régnié 2021,13.0,0.75,20.38,27.173333333333332,0.4784102060843965
0,Yannick Amirault La Mine 2019,14.0,0.75,21.95,29.266666666666666,0.4783599088838269
0,Frontaal Great Minds Imperial Stout tölkki,13.0,0.44,11.96,27.181818181818183,0.47826086956521735
0,Bonelli Mimi Malvasia Spumante Dolce 2022,7.0,0.75,10.98,14.64,0.4781420765027322
0,Caol Ila 12 Year Old Single Malt,43.0,0.7,62.98,89.97142857142858,0.47792950142902507
0,Ollinmäen Kuningatar Likööri,17.5,0.35,12.82,36.62857142857143,0.4777691107644305
0,Cune Reserva 2018,14.0,0.375,10.99,29.30666666666667,0.4777070063694267
0,Prunotto Mompertone 2020,14.0,0.75,21.98,29.30666666666667,0.4777070063694267
0,Petra Hebo 2020,14.0,0.75,21.98,29.30666666666667,0.4777070063694267
0,Villa Maria Single Vineyard Seaspray Sauvignon Blanc 2021,14.0,0.75,21.98,29.30666666666667,0.4777070063694267
0,Enate Gewürztraminer 2021,14.0,0.75,21.98,29.30666666666667,0.4777070063694267
0,Marble Plum Dubbel,9.4,0.66,12.99,19.68181818181818,0.4775981524249423
0,Villa Trasqua Chianti Classico 2019,14.0,0.75,21.99,29.319999999999997,0.4774897680763984
0,Flechas de Los Andes Aguaribay 2019,14.0,0.75,21.99,29.319999999999997,0.4774897680763984
0,Marques de Riscal Reserva 2018,14.0,0.75,21.99,29.319999999999997,0.4774897680763984
0,Pombal do Vesuvio 2021,14.0,0.75,21.99,29.319999999999997,0.4774897680763984
0,Casa Girelli Antario Barolo 2019,14.0,0.75,21.99,29.319999999999997,0.4774897680763984
0,Kuentz-Bas L'Etincelle Pinot Noir 2019,14.0,0.75,21.99,29.319999999999997,0.4774897680763984
0,Tommasi Crearo 2018,14.0,0.75,21.99,29.319999999999997,0.4774897680763984
0,Cantina Tramin Selida Gewürztraminer 2022,14.0,0.75,21.99,29.319999999999997,0.4774897680763984
0,Escudo Rojo Gran Reserva 2021,14.0,0.75,21.99,29.319999999999997,0.4774897680763984
0,Te Kairanga Runholder Pinot Noir 2020,14.0,0.75,21.99,29.319999999999997,0.4774897680763984
0,Jack Daniel's Single Barrel Rye,45.0,0.7,65.97,94.24285714285715,0.4774897680763983
0,Havana Club Añejo 7 Años muovipullo,40.0,0.05,4.19,83.8,0.47732696897374705
0,Alahovin Hilikunkuiva Mansikkaviini,13.0,0.75,20.43,27.24,0.4772393538913363
0,Tahko Luomu Gin,40.0,0.5,41.91,83.82,0.47721307563827253
0,Château Grand Francais Rouge 2019,12.5,0.75,19.66,26.213333333333335,0.47685656154628686
0,Chateau Carsin Cuvée Noire 2018,14.5,0.75,22.81,30.41333333333333,0.4767645769399387
0,Fiskarsin Risukka Riesling Sour tölkki,5.2,0.33,3.60,10.909090909090908,0.47666666666666674
0,Jaloviina *,38.0,0.04,3.19,79.75,0.47648902821316613
0,Kiss Black Diamond,40.0,0.5,41.98,83.96,0.47641734159123394
0,Ollinmäen Omenalikööriä,17.5,0.35,12.86,36.74285714285714,0.4762830482115086
0,Frescobaldi Alìe Rosé 2022,12.0,0.75,18.90,25.2,0.4761904761904762
0,Francois Martenot Crémant de Bourgogne Brut 2018,12.0,0.75,18.90,25.2,0.4761904761904762
0,Nonino il Prosecco di Grappa,38.0,0.5,39.90,79.8,0.4761904761904762
0,Vinescence Organic Juliénas  2021,12.0,0.75,18.90,25.2,0.4761904761904762
0,Saint Brendan's Irish Cream,17.0,0.7,24.99,35.7,0.47619047619047616
0,Häjy Luote Barrel Aged Gin,40.0,0.5,42.01,84.02,0.47607712449416806
0,Pasanau Ceps Nous 2020,16.0,0.75,25.21,33.61333333333334,0.4760015866719555
0,Gillmore Hacedor de Mundos Cabernet Franc Old Wines 2018,14.5,0.75,22.85,30.46666666666667,0.4759299781181619
0,Mufloni Mango Passion Berliner Weisse tölkki,4.0,0.44,3.70,8.40909090909091,0.47567567567567565
0,Villa Maria Single Vineyard Taylors Pass Sauvignon Blanc 2020,13.5,0.75,21.29,28.386666666666667,0.4755753875058713
0,Bock's Pils,5.0,0.33,3.47,10.515151515151516,0.47550432276657056
0,Prykmestar Vehnä Mansikka,5.0,0.33,3.47,10.515151515151516,0.47550432276657056
0,Mallassepät Autumn Bock tölkki,6.8,0.33,4.72,14.303030303030301,0.4754237288135594
0,Blandy's 5 Year Old Reserva Rich Madeira,19.0,0.5,19.99,39.98,0.47523761880940474
0,Albet i Noya Les Timbes 2019,14.5,0.75,22.89,30.52,0.4750982961992136
0,Bock Cabernet Franc 2019,14.5,0.75,22.89,30.52,0.4750982961992136
0,Albert Jarraud VSOP,40.0,0.2,16.84,84.19999999999999,0.47505938242280293
0,Etko Raisin My Family tölkki,9.5,0.44,8.80,20.0,0.475
0,Villa Maria Lighter Sauvignon Blanc 2018,10.0,0.75,15.79,21.05333333333333,0.47498416719442693
0,Arthur Metz Crémant d'Alsace 1904 Brut,12.5,0.75,19.74,26.319999999999997,0.4749240121580548
0,Agricole Selvi Arrogantone Limited edition Sangiovese 2016,15.0,0.75,23.69,31.58666666666667,0.4748839172646686
0,Fettercairn 12 Year Old Single Malt,40.0,0.7,58.98,84.25714285714285,0.47473719905052564
0,Glen Moray Elgin Heritage 15 Year Old Single Malt,40.0,0.7,58.98,84.25714285714285,0.47473719905052564
0,X-Berg Riesling 2021,12.0,0.375,9.48,25.28,0.47468354430379744
0,HIFK White 2020,12.0,0.75,18.97,25.293333333333333,0.47443331576172904
0,Bertani Sereole Soave 2021,12.0,0.75,18.98,25.30666666666667,0.47418335089567965
0,Diwald Grüner Veltliner vom Löss 2022,12.0,0.75,18.98,25.30666666666667,0.47418335089567965
0,Riffel Grauer Burgunder Trocken 2019,12.0,0.75,18.98,25.30666666666667,0.47418335089567965
0,Fernand Engel Crémant d´Alsace Tradition Brut,12.0,0.75,18.98,25.30666666666667,0.47418335089567965
0,Riffel Scheurebe Sauvignon Blanc Trocken 2020,12.0,0.75,18.98,25.30666666666667,0.47418335089567965
0,Menabrea Ambrata,5.0,0.33,3.48,10.545454545454545,0.47413793103448276
0,Smokehead Single Malt,43.0,0.7,63.49,90.7,0.47409040793825796
0,Chateau Chizay Furmint 2019,12.0,0.75,18.99,25.319999999999997,0.4739336492890996
0,Karl Schaefer Trocken Riesling 2019,12.0,0.75,18.99,25.319999999999997,0.4739336492890996
0,Fernand Engel Pinot Noir Rosé 2022,12.0,0.75,18.99,25.319999999999997,0.4739336492890996
0,Quinta d'Aguieira Método Clássico Bruto 2014,12.0,0.75,18.99,25.319999999999997,0.4739336492890996
0,Dr. Loosen Red Slate Riesling Dry 2021,12.0,0.75,18.99,25.319999999999997,0.4739336492890996
0,Wongraven Morgenstern Riesling 2020,12.0,0.75,18.99,25.319999999999997,0.4739336492890996
0,Weszeli Felix Grüner Veltliner 2021,12.0,0.75,18.99,25.319999999999997,0.4739336492890996
0,Perfectly Imperfect,12.0,0.75,18.99,25.319999999999997,0.4739336492890996
0,Domaine de la Pépière Muscadet 2022,12.0,0.75,18.99,25.319999999999997,0.4739336492890996
0,Château de la Terriere Brouilly Tradition 2020,14.5,0.75,22.95,30.599999999999998,0.47385620915032683
0,Seppeltsfield Barossa Grenache 2021,14.5,0.75,22.95,30.599999999999998,0.47385620915032683
0,Seppeltsfield Barossa Shiraz 2020,14.5,0.75,22.95,30.599999999999998,0.47385620915032683
0,Brooklyn Pulp Art Hazy IPA,6.0,0.33,4.18,12.666666666666666,0.4736842105263158
0,Malmgård Emmer IPA,6.2,0.33,4.32,13.090909090909092,0.4736111111111111
0,Onnea! Crémant d'Alsace Brut,12.5,0.75,19.80,26.400000000000002,0.47348484848484845
0,Loxarel A Pèl Blanc 2019,12.5,0.75,19.80,26.400000000000002,0.47348484848484845
0,Keppo Porter,6.7,0.33,4.67,14.15151515151515,0.4734475374732334
0,Rooster's Roots. Rock. Reggae. Pineapple & Grapefruit IPA tölkki,6.4,0.44,5.95,13.522727272727273,0.47327731092436975
0,Fernand Engel Pinot Noir Elevé en Fût de Chêne 2021,14.5,0.75,22.98,30.64,0.47323759791122716
0,Nugan McLaren Parish Vineyard Shiraz 2018,14.5,0.75,22.98,30.64,0.47323759791122716
0,Coppola Diamond Collection Zinfandel 2021,14.5,0.75,22.98,30.64,0.47323759791122716
0,Salama Bluedozer tölkki,8.0,0.44,7.44,16.90909090909091,0.47311827956989244
0,La Braccesca Achelo  2021,14.5,0.75,22.99,30.653333333333332,0.47303175293605915
0,Robert Mondavi Rum Barrel-Aged Merlot 2018,14.5,0.75,22.99,30.653333333333332,0.47303175293605915
0,Kalleske Zeitgeist Shiraz 2021,14.5,0.75,22.99,30.653333333333332,0.47303175293605915
0,Robert Mondavi Private Selection Bourbon Barrel-Aged Cabernet Sauvignon 2018,14.5,0.75,22.99,30.653333333333332,0.47303175293605915
0,Le Bon Tikka Barrel Aged Gin,50.5,0.5,53.39,106.78,0.4729350065555347
0,1000 Lakes Forest Vodka,45.0,0.5,47.59,95.18,0.4727884009245639
0,Teerenpeli Hard Seltzer Veriappelsiini,5.0,0.33,3.49,10.575757575757576,0.47277936962750716
0,Ruosniemen Imperial Stout Gin Barrel,10.0,0.33,6.98,21.151515151515152,0.47277936962750716
0,Sori Dark Humor Club Roasted Pecan tölkki,10.0,0.33,6.98,21.151515151515152,0.47277936962750716
0,Ilegal Joven Mezcal,40.0,0.7,59.31,84.72857142857144,0.4720957679986511
0,Llopart Carmí Rosat 2017,12.5,0.75,19.86,26.48,0.47205438066465255
0,La Bargemone 2020,13.0,0.75,20.67,27.560000000000002,0.4716981132075471
0,AnCnoc 12 Year Old Single Malt,40.0,0.7,59.39,84.84285714285716,0.4714598417241959
0,Nålla Kova Sooda Hard Seltzer Greippi tölkki,4.0,0.33,2.80,8.484848484848484,0.4714285714285715
0,Nålla Kova Sooda Hard Seltzer Karpalo tölkki,4.0,0.33,2.80,8.484848484848484,0.4714285714285715
0,Nålla Kova Sooda Seljankukka tölkki,4.0,0.33,2.80,8.484848484848484,0.4714285714285715
0,Le Contesse Prosecco Organic Brut Magnum,11.0,1.5,35.00,23.333333333333332,0.4714285714285715
0,Hiisi Peri Cold IPA,7.0,0.33,4.90,14.84848484848485,0.4714285714285714
0,Catena White Clay Semillón Chenin 2021,12.5,0.75,19.89,26.52,0.471342383107089
0,Zähringer Spätburgunder Rosé Trocken 2021,12.5,0.75,19.89,26.52,0.471342383107089
0,Moulin de Gassac Picpoul de Pinet 2022,12.5,0.75,19.89,26.52,0.471342383107089
0,Le Carline Venezia Cabernet Franc 2021,12.5,0.75,19.89,26.52,0.471342383107089
0,Selva Capuzza Groppello 2020,12.5,0.75,19.89,26.52,0.471342383107089
0,Cantina Tramin Cuvee T Bianco 2021,12.5,0.75,19.89,26.52,0.471342383107089
0,Galler Pinotin 2019,12.5,0.75,19.89,26.52,0.471342383107089
0,De Chanceny Excellence Vouvray Brut 2019,12.5,0.75,19.89,26.52,0.471342383107089
0,That Boutique-y Gin Company Expeditionary Gin,44.5,0.5,47.22,94.44,0.4711986446421008
0,An Dúlamán Santa Ana Armada Strength Gin,57.0,0.5,60.49,120.98,0.4711522565713341
0,Losi Querciavalle Chianti Classico 2017,13.5,0.75,21.49,28.653333333333332,0.4711493718008376
0,Quinta Nova Pomares 2020,13.5,0.75,21.49,28.653333333333332,0.4711493718008376
0,Monte Real Tempranillo Blanco 2021,12.5,0.75,19.90,26.53333333333333,0.47110552763819097
0,Zell Rosé Brut,12.5,0.75,19.90,26.53333333333333,0.47110552763819097
0,Azimut Negre 2018,12.5,0.75,19.90,26.53333333333333,0.47110552763819097
0,Maxwell Honey Mead,12.5,0.75,19.92,26.560000000000002,0.4706325301204819
0,Three Engineers 3E Gin,47.0,0.5,49.94,99.88,0.4705646776131358
0,Santa Margherita Pinot Grigio 2021,12.5,0.75,19.93,26.573333333333334,0.47039638735574507
0,Stone's Ginger Joe Strong,6.5,0.33,4.56,13.818181818181817,0.4703947368421053
0,Jack Daniel's Single Barrel Select,45.0,0.7,66.98,95.6857142857143,0.4702896386981188
0,Tenu Gin,47.0,0.5,49.98,99.96,0.47018807523009204
0,Samuel Smith Organic Cider,5.0,0.55,5.85,10.636363636363635,0.47008547008547014
0,Terraprima Blanc 2021,12.0,0.75,19.15,25.53333333333333,0.4699738903394256
0,Beyoba Akhisar Sauvignon Blanc 2021,12.5,0.75,19.95,26.599999999999998,0.46992481203007525
0,Petra Unger Furth-Terrassen Riesling 2020,12.5,0.75,19.95,26.599999999999998,0.46992481203007525
0,Mimas Finca la Font de Jui Extra Brut 2017,12.5,0.75,19.95,26.599999999999998,0.46992481203007525
0,Etz Kamptal Riesling 2020,12.5,0.75,19.95,26.599999999999998,0.46992481203007525
0,Viinielämää Sauvignon Blanc Riesling 2021,12.5,0.75,19.95,26.599999999999998,0.46992481203007525
0,Château d'Auzanet Cuvée des Abailles 2019,12.5,0.75,19.95,26.599999999999998,0.46992481203007525
0,Gratien & Meyer Crémant de Loire Brut,12.5,0.375,9.98,26.613333333333333,0.46968937875751504
0,Muros Antigos Alvarinho  2020,12.5,0.375,9.98,26.613333333333333,0.46968937875751504
0,Jurtschitsch Grüner Veltliner Stein Urgestein 2022,12.5,0.375,9.98,26.613333333333333,0.46968937875751504
0,Speri Valpolicella Classico 2021,12.5,0.375,9.98,26.613333333333333,0.46968937875751504
0,Soalheiro Alvarinho 2022,12.5,0.375,9.98,26.613333333333333,0.46968937875751504
0,Domaine du Mortier Les Sables 2021,12.5,0.75,19.97,26.626666666666665,0.4694541812719079
0,Bols Advocaat,15.0,0.5,15.98,31.96,0.4693366708385482
0,Château Lézergué Cidre de Bretagne Brut,5.0,0.75,7.99,10.653333333333334,0.46933667083854813
0,Soalheiro Alvarinho Classic 2022,12.5,0.75,19.98,26.64,0.4692192192192192
0,Domäne Wachau Grüner Veltliner Federspiel Liebenberg 2022,12.5,0.375,9.99,26.64,0.4692192192192192
0,Canti Millesimato Prosecco Extra Dry,11.0,0.2,4.69,23.45,0.4690831556503198
0,Abavas Nordic Apple and Grapefruit,5.6,0.33,3.94,11.93939393939394,0.46903553299492384
0,Domaines Schlumberger Pinot Blanc Les Princes Abbés 2017,12.5,0.75,19.99,26.653333333333332,0.4689844922461231
0,Corvers Kauter Berg Roseneck Riesling 2020,12.5,0.75,19.99,26.653333333333332,0.4689844922461231
0,Vouvray Les Perruches Sec 2021,12.5,0.75,19.99,26.653333333333332,0.4689844922461231
0,Pflüger Blanc de Noir  2022,12.5,0.75,19.99,26.653333333333332,0.4689844922461231
0,Szigeti Grüner Veltliner Brut,12.5,0.75,19.99,26.653333333333332,0.4689844922461231
0,Parés Baltà Cosmic Organic 2021,12.5,0.75,19.99,26.653333333333332,0.4689844922461231
0,Olivier Ravier Côte-de-Brouilly 2021,12.5,0.75,19.99,26.653333333333332,0.4689844922461231
0,Domäne Wachau Grüner Veltliner Federspiel Ried Pichlpoint 2022,12.5,0.75,19.99,26.653333333333332,0.4689844922461231
0,Roccafiore Fiordaliso Bianco 2022,12.5,0.75,19.99,26.653333333333332,0.4689844922461231
0,Gisselbrecht Riesling Grand Cru Muenchberg 2019,12.5,0.75,19.99,26.653333333333332,0.4689844922461231
0,Vasse Felix Filius Chardonnay 2019,12.5,0.75,19.99,26.653333333333332,0.4689844922461231
0,Jean-Baptiste Adam Les Natures Crémant d'Alsace Brut,12.5,0.75,19.99,26.653333333333332,0.4689844922461231
0,Astobiza Txakoli 2021,12.5,0.75,19.99,26.653333333333332,0.4689844922461231
0,Saint Clair Gimblett Gravels Syrah 2018,12.5,0.75,19.99,26.653333333333332,0.4689844922461231
0,Domaine de la Chapelle de Bizot Chiroubles 2021,12.5,0.75,19.99,26.653333333333332,0.4689844922461231
0,Santa Vittoria Max Langhe Rosato 2019,12.5,0.75,19.99,26.653333333333332,0.4689844922461231
0,Xanadu Fusion Chardonnay 2018,12.5,0.75,19.99,26.653333333333332,0.4689844922461231
0,Bründlmayer Zweigelt 2020,12.5,0.75,19.99,26.653333333333332,0.4689844922461231
0,Wolfberger Les Festives Riesling 2019,12.5,1.5,39.98,26.653333333333332,0.4689844922461231
0,Dr.Wehrheim Max Trocken Weissburgunder Organic 2020,12.5,0.75,19.99,26.653333333333332,0.4689844922461231
0,Avgvstvs Microvinificacions Xarel-lo Vermell 2019,12.5,0.75,19.99,26.653333333333332,0.4689844922461231
0,Montes Sparkling Angel Brut,12.5,0.75,19.99,26.653333333333332,0.4689844922461231
0,Dr. Loosen Graacher Riesling Dry 2021,12.5,0.75,19.99,26.653333333333332,0.4689844922461231
0,Sitzius Rothenberg Riesling Spätlese Goldkapsel Trocken 2020,12.5,0.75,19.99,26.653333333333332,0.4689844922461231
0,Spanier Gillot Kalkglimmer Grauer Burgunder Organic 2019,12.5,0.75,19.99,26.653333333333332,0.4689844922461231
0,Tuju Pyöveli tölkki,9.2,0.44,8.64,19.636363636363637,0.4685185185185185
0,Jim Barry Single Vineyard McKay's Riesling 2017,12.5,0.75,20.01,26.680000000000003,0.4685157421289355
0,Galway Bay Of Foam & Fury DIPA tölkki,8.5,0.33,5.99,18.151515151515152,0.46828046744574287
0,Marble Jollification Apricot & Peach Triple,8.5,0.66,11.98,18.151515151515152,0.46828046744574287
0,Jägermeister,35.0,0.04,2.99,74.75,0.4682274247491639
0,Grand Marnier Cordon Rouge,40.0,0.35,29.90,85.42857142857143,0.46822742474916385
0,Jean-Luc Pasquet L´Organic 07,40.0,0.7,59.80,85.42857142857143,0.46822742474916385
0,Château Sègue Longue Monnier 2014,13.0,1.5,41.65,27.766666666666666,0.468187274909964
0,Le Contesse Prosecco Extra Dry,11.0,0.2,4.70,23.5,0.46808510638297873
0,Bruno Murciano Las Blancas 2021,13.0,0.75,20.83,27.77333333333333,0.4680748919827173
0,Montanaro Vermouth di Torino Bianco,16.0,0.75,25.64,34.18666666666667,0.46801872074882994
0,Tornion Lapland Red Ale tölkki,5.2,0.44,4.89,11.113636363636363,0.4678936605316974
0,Moon Lark Bench tölkki,5.6,0.5,5.99,11.98,0.46744574290484137
0,Adrien Vacher Tradition L'Heritage de Nos Racines Brut,12.5,0.75,20.06,26.746666666666666,0.4673479561316052
0,Koskenkorva Herb & Citrus muovipullo,21.0,0.2,8.99,44.949999999999996,0.46718576195773087
0,Camus Borderies VSOP,40.0,0.7,59.95,85.64285714285715,0.46705587989991654
0,Frangelico,20.0,0.7,29.98,42.82857142857143,0.466977985323549
0,Lionel Osmin Cami Salié Jurançon 2019,14.0,0.75,22.49,29.986666666666665,0.46687416629613165
0,Rammstein Rum,40.0,0.7,59.98,85.68571428571428,0.4668222740913638
0,Botran Solera 1893,40.0,0.7,59.98,85.68571428571428,0.4668222740913638
0,Claude Chatelier XO Extra Old,40.0,0.7,59.98,85.68571428571428,0.4668222740913638
0,Glengoyne 10 Year Old Single Malt,40.0,0.7,59.98,85.68571428571428,0.4668222740913638
0,Poli Cleopatra Amarone Oro Grappa,40.0,0.7,59.98,85.68571428571428,0.4668222740913638
0,Poli Grappa Due Barili,40.0,0.7,59.98,85.68571428571428,0.4668222740913638
0,Lecompte 5 Ans Calvados,40.0,0.7,59.98,85.68571428571428,0.4668222740913638
0,Kilchoman Machir Bay Single Malt,46.0,0.7,68.98,98.54285714285716,0.46680197158596687
0,Pere Magloire VSOP Smoky Islay Cask Finish Calvados,40.0,0.7,60.00,85.71428571428572,0.4666666666666666
0,Reiterer Morillon 2018,12.5,0.75,20.09,26.786666666666665,0.466650074664012
0,Olutpaja XA Stout,6.0,0.5,6.43,12.86,0.4665629860031104
0,Gwynt y Ddraig Farmhouse Cloudy Scrumpy Cider,5.3,0.5,5.68,11.36,0.4665492957746479
0,Château de Carolle 2018,13.0,0.75,20.90,27.866666666666664,0.46650717703349287
0,Villa Maria EarthGarden Pinot Noir 2020,13.0,0.75,20.90,27.866666666666664,0.46650717703349287
0,Little Yering Chardonnay 2017,13.0,0.75,20.90,27.866666666666664,0.46650717703349287
0,Mar De Ons Albarino 2020,13.0,0.75,20.90,27.866666666666664,0.46650717703349287
0,Lebenshilfe Spätburgunder 2017,13.0,0.75,20.90,27.866666666666664,0.46650717703349287
0,Dugges Cookie Cognac Barrel Aged Choco Chip Stout,13.4,0.33,9.48,28.727272727272727,0.4664556962025317
0,Claude Chatelier XO,40.0,0.5,42.90,85.8,0.46620046620046623
0,Hornbeer Caribbean Rumstout,10.0,0.33,7.08,21.454545454545453,0.46610169491525427
0,Hornbeer Black Magic Woman,10.0,0.33,7.08,21.454545454545453,0.46610169491525427
0,Apis Piastowski Trójniak,13.0,0.75,20.92,27.893333333333334,0.4660611854684512
0,Konnevesi Gin,43.0,0.5,46.14,92.28,0.4659731252709146
0,Rosso di Grignanello 2020 hanapakkaus,13.5,3.0,87.02,29.006666666666664,0.46541025051712254
0,Kiss Cold Gin,40.0,0.5,42.99,85.98,0.46522447080716445
0,Escarpment The Edge Pinot Noir 2022,13.0,0.75,20.96,27.94666666666667,0.4651717557251908
0,Louis Vallon Crémant de Bordeaux Brut,12.0,0.375,9.68,25.813333333333333,0.46487603305785125
0,Gigondas L'Hallali Grande Réserve 2018,15.0,0.75,24.20,32.266666666666666,0.46487603305785125
0,Bestheim Riesling Grand Cru Schlossberg 2021,13.0,0.75,20.98,27.973333333333333,0.46472831267874165
0,Wolfberger La Louve Pinot Noir 2021,13.0,0.75,20.98,27.973333333333333,0.46472831267874165
0,Gérard Bertrand Côte des Roses 2022,13.0,0.375,10.49,27.973333333333333,0.46472831267874165
0,Chronicle Vineyards White 2020,13.0,0.75,20.98,27.973333333333333,0.46472831267874165
0,Strega Amarelli Liquore di Liquirizia,25.0,0.5,26.90,53.8,0.4646840148698885
0,Bock's Dunkel,4.9,0.33,3.48,10.545454545454545,0.46465517241379317
0,Rooster's Better Late Than Never NEIPA tölkki,5.9,0.44,5.59,12.704545454545455,0.46440071556350626
0,Mallaskoski Jeriko Wild Ale,5.6,0.33,3.98,12.06060606060606,0.46432160804020095
0,Château Trébiac Graves Rouge 2019,14.0,0.75,22.62,30.16,0.46419098143236076
0,North Brewing Lost Cosmonauts DDH IPA tölkki,6.0,0.44,5.69,12.931818181818183,0.4639718804920913
0,Kalevala London Dry Gin,46.3,0.1,9.98,99.8,0.4639278557114228
0,Ledaig 10 Year Old Single Malt,46.3,0.05,4.99,99.8,0.4639278557114228
0,Knauss Weiss 2019,12.0,0.75,19.40,25.866666666666664,0.46391752577319595
0,Stadin American Session IPA tölkki,4.5,0.5,4.85,9.7,0.4639175257731959
0,Microbirrificio Doppiobaffo Angiuleto IPA,7.0,0.33,4.98,15.090909090909092,0.463855421686747
0,Amager Rye King Rye Stout,7.7,0.33,5.48,16.606060606060606,0.4636861313868613
0,Chiara Condello Sangiovese Predappio 2018,14.0,0.75,22.65,30.2,0.4635761589403974
0,Waterford Single Farm Sheestown 1.2 Single Malt,50.0,0.7,75.50,107.85714285714286,0.46357615894039733
0,Amager Eurodisco tölkki,6.3,0.44,5.98,13.590909090909092,0.4635451505016722
0,VOV Liquore all'Uovo,17.8,0.7,26.89,38.41428571428572,0.46336928226106355
0,Iso-Kallan Black Loon,9.0,0.33,6.41,19.424242424242422,0.4633385335413417
0,Bricco Bastia Dolcetto d'Alba 2021,13.5,0.75,21.86,29.146666666666665,0.46317474839890216
0,Achel Bruin,8.0,0.33,5.70,17.272727272727273,0.4631578947368421
0,Dingle Single Malt,46.3,0.7,69.99,99.98571428571428,0.4630661523074725
0,Bunnahabhain 12 Year Old Single Malt,46.3,0.7,69.99,99.98571428571428,0.4630661523074725
0,Glenfarclas 105 Cask Strength Single Malt,60.0,0.7,90.70,129.57142857142858,0.46306504961411243
0,Sori Curious Captain & Citra Citra Citra NEIPA tölkki,7.0,0.33,4.99,15.121212121212121,0.46292585170340683
0,Stone Patio Magic Double IPA tölkki,8.8,0.355,6.75,19.014084507042256,0.4628148148148148
0,Matteo Correggia Barbera d'Alba 2020,14.5,0.75,23.50,31.333333333333332,0.46276595744680854
0,Tornion Arctic North Lager tölkki,5.5,0.44,5.23,11.886363636363637,0.4627151051625239
0,Mozart Dark Chocolate,17.0,0.5,18.37,36.74,0.4627109417528579
0,Gallia Extrawurst,9.8,0.33,6.99,21.18181818181818,0.4626609442060087
0,Boffa Dolcetto D’Alba 2022,13.5,0.75,21.90,29.2,0.4623287671232877
0,The Velvet Devil Merlot 2019,13.5,0.75,21.90,29.2,0.4623287671232877
0,Substance Ch Chardonnay 2020,13.5,0.75,21.90,29.2,0.4623287671232877
0,Glöet Rosé Sparkling & Seasonal Spices,8.0,0.75,12.98,17.30666666666667,0.4622496147919876
0,Glöet Gold Sparkling & Seasonal Spices,8.0,0.75,12.98,17.30666666666667,0.4622496147919876
0,Arctic Blue Gin,46.2,0.2,19.99,99.94999999999999,0.46223111555777896
0,Jaloviina Cola tölkki,5.0,0.33,3.57,10.818181818181817,0.4621848739495799
0,Lehe Heaven Hell American Barley Wine,14.0,0.33,10.00,30.3030303030303,0.462
0,Bottega Rose Gold Brut,11.5,0.2,4.98,24.900000000000002,0.4618473895582329
0,Vilarnau Cava Orgánico Brut Reserva,11.5,0.2,4.98,24.900000000000002,0.4618473895582329
0,Lyrarakis Psarades Dafni 2021,12.0,0.75,19.49,25.986666666666665,0.46177526936890717
0,Domdechant Werner Hochheim Riesling Classic 2021,12.0,0.75,19.49,25.986666666666665,0.46177526936890717
0,Smith Woodhouse Late Bottled Vintage Port 2010,20.0,0.75,32.49,43.32,0.4616805170821791
0,Kungfu Girl Riesling Magnum 2020,12.0,1.5,38.99,25.993333333333336,0.4616568350859194
0,Pyynikin Koivu Vodka,40.0,0.5,43.33,86.66,0.46157396722824834
0,Oriol Rossell Cuvée Especial Reserva Cava Brut,11.5,0.75,18.69,24.92,0.4614767255216693
0,Togouchi,40.0,0.7,60.70,86.71428571428572,0.46128500823723223
0,Sierra Milenario Fumado Blanco Tequila,41.5,0.7,62.99,89.9857142857143,0.4611843149706302
0,Hailuodon Märzen Luomuolut,6.3,0.75,10.25,13.666666666666666,0.4609756097560976
0,Plantation Jamaica Vintage 2007,48.4,0.7,73.50,105.0,0.46095238095238095
0,Gancia Prosecco Brut,11.5,0.2,4.99,24.95,0.46092184368737477
0,Herr Mehling 2021,12.0,0.75,19.53,26.040000000000003,0.46082949308755755
0,Pirulan Punainen,10.5,0.75,17.09,22.786666666666665,0.4607957870099474
0,Rara Neagra de Purcari 2020,13.5,0.75,21.98,29.30666666666667,0.4606460418562329
0,Château Tour Prignac 2020,13.5,0.75,21.98,29.30666666666667,0.4606460418562329
0,Arnaldo Caprai Grecante 2022,13.5,0.75,21.98,29.30666666666667,0.4606460418562329
0,Mossburn Glentauchers 2008 Single Malt,46.0,0.7,69.93,99.90000000000002,0.46046046046046035
0,Romano Levi Grappa Bianca,45.0,0.7,68.41,97.72857142857143,0.4604589972226283
0,Ca'n Verdura Negre 2021,13.5,0.75,21.99,29.319999999999997,0.4604365620736699
0,Bread & Butter Cabernet Sauvignon 2020,13.5,0.75,21.99,29.319999999999997,0.4604365620736699
0,Freixo Terroir Red 2018,13.5,0.75,21.99,29.319999999999997,0.4604365620736699
0,Les Équilibristes Hirsute Blanc 2021,13.5,0.75,21.99,29.319999999999997,0.4604365620736699
0,Raul Perez La Clave 2020,13.5,0.75,21.99,29.319999999999997,0.4604365620736699
0,Kuentz-Bas Auxerrois Trois Châteaux 2018,13.5,0.75,21.99,29.319999999999997,0.4604365620736699
0,Greywacke Sauvignon Blanc 2022,13.5,0.75,21.99,29.319999999999997,0.4604365620736699
0,Guerrieri Rizzardi Munus 2019,13.5,0.75,21.99,29.319999999999997,0.4604365620736699
0,Les Équilibristes Pic Poul 2021,13.5,0.75,21.99,29.319999999999997,0.4604365620736699
0,Bellingham The Bernard Series Old Vine Chenin Blanc 2020,13.5,0.75,21.99,29.319999999999997,0.4604365620736699
0,Tommasi Ripasso Valpolicella 2020,13.5,0.75,21.99,29.319999999999997,0.4604365620736699
0,Château de Riquewihr Les Murailles Riesling 2022,12.0,0.75,19.55,26.066666666666666,0.46035805626598464
0,Fiorissimo Prosecco Extra Dry,11.0,0.2,4.78,23.9,0.46025104602510464
0,Larsen VSOP 4cl muovipullo,40.0,0.04,3.48,87.0,0.45977011494252873
0,Larsen VSOP 4cl,40.0,0.04,3.48,87.0,0.45977011494252873
0,Denada Natural White  2019,12.0,0.75,19.59,26.12,0.4594180704441041
0,Campo Eliseo Cuvée Alegre Reserva 2017,15.0,0.75,24.49,32.65333333333333,0.45937117190690085
0,Pietramore Montepulciano d'Abruzzo 2019,14.0,0.75,22.86,30.48,0.45931758530183725
0,Valdibella Sulle Bucce Bianco 2020,13.5,0.75,22.05,29.400000000000002,0.4591836734693877
0,Plantation Barbados 20th Anniversary XO lahjapakkaus,40.0,0.7,60.99,87.12857142857143,0.4590916543695688
0,Schweinhardt Riesling Kabinett Langenlonsheimer Löhrer Berg 2018,12.0,0.75,19.61,26.146666666666665,0.45894951555328917
0,Kamara Retsina 2020,12.5,0.5,13.62,27.24,0.4588839941262849
0,Casa Rojo CL98 2020,14.5,0.75,23.70,31.599999999999998,0.45886075949367094
0,Santomè Prosecco Rosé Brut 2020,11.0,0.75,17.98,23.973333333333333,0.4588431590656285
0,Jeio Prosecco Rose Brut 2020,11.0,0.75,17.98,23.973333333333333,0.4588431590656285
0,Oníric Pet Nat Rose 2022,11.0,0.75,17.98,23.973333333333333,0.4588431590656285
0,Costaross Rosè Prosecco Extra Dry 2020,11.0,0.75,17.98,23.973333333333333,0.4588431590656285
0,Pauletts Trillians Sparkling Brut,12.5,0.2,5.45,27.25,0.45871559633027525
0,Val d'Oca Bioldo Asolo Prosecco Superiore Extra Dry,11.0,0.75,17.99,23.986666666666665,0.4585881045025014
0,Lunetta Millesimato Prosecco Rosé Extra Dry 2021,11.0,0.2,4.80,23.999999999999996,0.4583333333333334
0,Jack Daniel's Cola tölkki,5.0,0.33,3.60,10.909090909090908,0.45833333333333337
0,Sonnisaari Aasi'22 Imperial Stout,11.0,0.33,7.92,24.0,0.4583333333333333
0,Gomez Cruzado Blanco 2016,13.0,0.75,21.28,28.373333333333335,0.4581766917293233
0,Dooley's Original Toffee,17.0,0.35,12.99,37.114285714285714,0.45804464973056197
0,Amarula Marula Fruit Cream,17.0,0.35,12.99,37.114285714285714,0.45804464973056197
0,Plantation Guyana Vintage 2007,51.0,0.7,77.98,111.4,0.4578096947935368
0,Mallassepät Triple Dry Hopped IPA tölkki,7.2,0.33,5.19,15.727272727272728,0.4578034682080925
0,Kvarken The Blacksmith IPA,6.7,0.33,4.83,14.636363636363637,0.4577639751552795
0,Sierra Nevada Big Little Thing Imperial IPA tölkki,9.0,0.355,6.98,19.661971830985916,0.4577363896848137
0,Laitilan Oiva Kuiva Luomuomenasiideri,5.2,0.33,3.75,11.363636363636363,0.4576
0,Brooklyn Lager,5.2,0.33,3.75,11.363636363636363,0.4576
0,Ainoa Silkki 2020,12.5,0.75,20.49,27.319999999999997,0.4575402635431919
0,Mastrojanni Costa Colonne 2020,14.0,0.75,22.95,30.599999999999998,0.4575163398692811
0,Ernst Triebaumer Rust Gruner Veltliner 2021,14.0,0.75,22.95,30.599999999999998,0.4575163398692811
0,Hewitson Gun Metal Riesling 2021,12.5,0.75,20.50,27.333333333333332,0.4573170731707317
0,Saint Clair Vicar’s Choice Sauvignon Blanc Rosé Bright Light 2021,9.5,0.75,15.58,20.773333333333333,0.4573170731707317
0,Ayinger Celebrator Dobbelbock,6.7,0.75,10.99,14.653333333333334,0.45723384895359415
0,Pühaste Mosaiik Vienna IPA tölkki,6.9,0.33,4.98,15.090909090909092,0.4572289156626506
0,Malmgård Bourbon Barrel Stout,11.0,0.33,7.94,24.060606060606062,0.45717884130982367
0,Vallein Tercinier Pineau Des Charentes Blanc,17.0,0.75,27.90,37.199999999999996,0.456989247311828
0,Bone Machine Garden of Death NEIPA tölkki,7.0,0.44,6.74,15.318181818181818,0.456973293768546
0,Berta Dunaj 2019,14.0,0.75,22.98,30.64,0.45691906005221933
0,Triennes Viognier Sainte Fleur 2019,14.0,0.75,22.98,30.64,0.45691906005221933
0,Gérard Bertrand Heritage Kosmos Organic 2020,14.0,0.75,22.98,30.64,0.45691906005221933
0,Mandilari Plakoura 2018,14.0,0.75,22.98,30.64,0.45691906005221933
0,Diplomático Selección de Familia,43.0,0.7,65.89,94.12857142857143,0.45682197602064045
0,Armunji Chinuri 2016,14.0,0.75,22.99,30.653333333333332,0.45672031317964334
0,Poligonos San Pablo Cabernet Franc 2019,14.0,0.75,22.99,30.653333333333332,0.45672031317964334
0,Belle de Brillet Liqueur,30.0,0.35,22.99,65.68571428571428,0.45672031317964334
0,Scacciadiavoli Montefalco Rosso 2016,14.0,0.75,23.00,30.666666666666668,0.45652173913043476
0,Hannes Reeh Rohstoff Chardonnay 2020,14.0,0.75,23.00,30.666666666666668,0.45652173913043476
0,Big Belly Liquid Dessert 08 Salted Fudge Hazelnut Brownie Porter,10.0,0.33,7.23,21.90909090909091,0.45643153526970953
0,Kimito Rye Rauch Lager,6.8,0.33,4.92,14.909090909090908,0.4560975609756098
0,Huyghe Delirium Deliria 2021,8.5,0.75,13.98,18.64,0.4560085836909871
0,Takatalo & Tompuri Kaski Kylmäsavulager,5.0,0.33,3.62,10.969696969696969,0.45580110497237575
0,ArtSpritz,11.0,0.7,16.90,24.142857142857142,0.4556213017751479
0,Val d'Oca Rive di San Pietro di Barbozza Prosecco Brut 2022,11.5,0.75,18.94,25.253333333333334,0.4553854276663147
0,Rotari Rosé Brut,12.5,0.2,5.49,27.45,0.4553734061930783
0,Borgo dei Guidi 2017,14.5,0.75,23.89,31.853333333333335,0.45521138551695267
0,Tornion Original Lapland Lager,5.2,0.33,3.77,11.424242424242424,0.45517241379310347
0,Ägräs Long Drink Nordic Nettle with Akvavit tölkki,5.5,0.33,3.99,12.090909090909092,0.45488721804511273
0,Heppenheimer Souvignier Gris Spätlese trocken 2021,12.0,0.75,19.79,26.386666666666667,0.45477513895907024
0,Elit Vodka,40.0,0.5,43.98,87.96,0.45475216007276037
0,Taylor's 10 Year Old Tawny Port,20.0,0.75,32.99,43.98666666666667,0.4546832373446498
0,Pequenos Rebentos Alvarinho & Trajadura 2022,12.0,0.75,19.80,26.400000000000002,0.45454545454545453
0,Pequenos Rebentos Loureiro 2022,12.0,0.75,19.80,26.400000000000002,0.45454545454545453
0,Kalleske Florentine Chenin Blanc 2021,12.0,0.75,19.80,26.400000000000002,0.45454545454545453
0,Sori Electric Cake,11.0,0.33,7.99,24.21212121212121,0.4543178973717147
0,Desiderio Jeio Organic Prosecco Brut,11.5,0.75,18.99,25.319999999999997,0.4541864139020538
0,Naveran Cava Vintage Brut 2020,11.5,0.75,18.99,25.319999999999997,0.4541864139020538
0,Drápy Grüner Veltliner 2021,11.5,0.75,18.99,25.319999999999997,0.4541864139020538
0,La Vida al Camp Rosé Cava Brut 2019,11.5,0.75,18.99,25.319999999999997,0.4541864139020538
0,Txakoli Rezabal,11.5,0.75,18.99,25.319999999999997,0.4541864139020538
0,Tenuta Iuzzolini Principe Spinelli 2020,13.0,0.75,21.48,28.64,0.45391061452513964
0,Montes Alpha Cabernet Sauvignon 2020,14.5,0.375,11.98,31.94666666666667,0.45388146911519195
0,Rothaus Hefe Weizen,5.4,0.5,5.95,11.9,0.453781512605042
0,Sierra Nevada Narwhal,10.2,0.355,7.98,22.478873239436624,0.4537593984962405
0,La Quince & Cervesa Guineu Vanilla Black Velvet 2022,9.5,0.33,6.91,20.939393939393938,0.45369030390738063
0,André Stentz Riesling 2016,12.5,0.75,20.67,27.560000000000002,0.4535558780841799
0,BenMarco Malbec 2020,14.5,0.75,23.98,31.973333333333333,0.4535029190992494
0,La Rioja Alta Lat 42 Gran Reserva 2016,14.5,0.75,23.98,31.973333333333333,0.4535029190992494
0,Guerrieri Rizzardi Pojega Valpolicella Ripasso Classico Superiore 2021,14.5,0.75,23.98,31.973333333333333,0.4535029190992494
0,Nadal Hainaut Alexandrie Muscat 2021,13.0,0.75,21.50,28.666666666666668,0.45348837209302323
0,Nadal Hainaut 3 Sources Macabeu 2021,13.0,0.75,21.50,28.666666666666668,0.45348837209302323
0,Nadal Hainaut 3 Sources Rosé de Syrah 2021,13.0,0.75,21.50,28.666666666666668,0.45348837209302323
0,Arthur Metz Riesling Grand Cru Altenberg de Bergbieten 2021,12.0,0.75,19.85,26.46666666666667,0.4534005037783375
0,Aviva Aperitivo,8.0,0.75,13.24,17.653333333333332,0.45317220543806647
0,Pittnauer Rosé König 2022,11.5,0.75,19.05,25.400000000000002,0.452755905511811
0,Bulmers Original,4.5,0.5,4.97,9.94,0.45271629778672035
0,Finglassie Rest & Be Thankful 5 Year Old Batch #1 Single Malt 2017,46.0,0.7,71.16,101.65714285714286,0.45250140528386734
0,Kattus Brokat Brut,12.0,0.75,19.89,26.52,0.45248868778280543
0,Eymann Vom Löss Weißburgunder 2022,12.0,0.75,19.89,26.52,0.45248868778280543
0,Emiliana Organic Sparkling Brut,12.0,0.75,19.89,26.52,0.45248868778280543
0,Salva tu Alma Cava Brut Nature,12.0,0.75,19.90,26.53333333333333,0.45226130653266333
0,Barth Riesling Trocken 2021,12.0,0.75,19.90,26.53333333333333,0.45226130653266333
0,Craggy Range Te Muna Road Vineyard Sauvignon Blanc 2022,12.5,0.75,20.74,27.653333333333332,0.45202507232401157
0,Põhjala Double Kosmos DIPA tölkki,8.0,0.44,7.79,17.704545454545453,0.4518613607188704
0,Paresseux Pastis 1,45.0,0.5,49.80,99.6,0.45180722891566266
0,Thornbridge Hirundo Springtime Pale Ale,4.5,0.5,4.98,9.96,0.4518072289156626
0,Mallassepät Pint Please Double NEIPA tölkki,8.2,0.33,5.99,18.151515151515152,0.4517529215358931
0,Disaronno Originale,28.0,0.05,3.10,62.0,0.45161290322580644
0,Bruno Verret Métisse Crémant de Bourgogne Vieilli en fût de chêne Brut,12.5,0.75,20.76,27.680000000000003,0.45158959537572246
0,Mallaskoski Poseidon Rum Barrel Aged Imperial Pils,8.6,0.33,6.29,19.06060606060606,0.4511923688394277
0,Idaia Ocean Thrapsathiri 2020,13.0,0.75,21.61,28.813333333333333,0.45118000925497453
0,Elusia Pinot Grigio Bio Vegan 2021,12.0,0.75,19.95,26.599999999999998,0.4511278195488722
0,Petra Unger Furth Q Kremstal Grüner Veltiliner 2022,12.0,0.75,19.95,26.599999999999998,0.4511278195488722
0,Bothnia Bay Cava Brut Nature 2021,12.0,0.75,19.95,26.599999999999998,0.4511278195488722
0,Juvé y Camps Cinta Purpura Reserva Cava Brut 2018,12.0,0.75,19.95,26.599999999999998,0.4511278195488722
0,Hiisi Päivä Bock,6.0,0.33,4.39,13.303030303030301,0.45102505694760825
0,Hiisi Ohto Dark Lager,6.0,0.33,4.39,13.303030303030301,0.45102505694760825
0,Paladin Magnum Prosecco Extra Dry 2021,11.0,1.5,36.59,24.393333333333334,0.4509428805684613
0,Bernard-Massard Sélection Demi-Sec,12.0,0.375,9.98,26.613333333333333,0.45090180360721444
0,Sebastian Erbeldinger Sauvignac 2021,12.0,0.75,19.97,26.626666666666665,0.4506760140210316
0,Karl Haidle Ritzling Riesling 2021,12.0,0.75,19.98,26.64,0.45045045045045046
0,Brinkhall´s Sparkling Brut,12.0,0.75,19.98,26.64,0.45045045045045046
0,Alta Alella Mirgin Cava Reserva Brut Nature Rosé 2019,12.0,0.75,19.98,26.64,0.45045045045045046
0,Hoegaarden Witbier,4.9,0.33,3.59,10.878787878787877,0.45041782729805024
0,Michael David 6th Sense Syrah 2020,15.0,0.75,24.98,33.306666666666665,0.4503602882305845
0,Château du Breuil 12 Ans d'Age Calvados,41.0,0.7,63.73,91.04285714285714,0.4503373607406245
0,Légende de Louis Vallon Rose Crèmant de Bordeaux Brut,12.0,0.75,19.99,26.653333333333332,0.4502251125562782
0,Helfrich Cuvee Cremant d'Alsace Brut,12.0,0.75,19.99,26.653333333333332,0.4502251125562782
0,Alta Alella PB 2021,12.0,0.75,19.99,26.653333333333332,0.4502251125562782
0,Laposa Kéknyelü 2020,12.0,0.75,19.99,26.653333333333332,0.4502251125562782
0,Lebenshilfe G Livelab Riesling Trocken 2022,12.0,0.75,19.99,26.653333333333332,0.4502251125562782
0,Légende de Louis Vallon Crèmant de Bordeaux Brut 2017,12.0,0.75,19.99,26.653333333333332,0.4502251125562782
0,Albert Bichot Bourgogne Aligoté 2020,12.0,0.75,19.99,26.653333333333332,0.4502251125562782
0,André Delorme Crémant de Bourgogne Blanc de Blancs Brut,12.0,0.75,19.99,26.653333333333332,0.4502251125562782
0,Folie by Gassac 2021,12.0,0.75,19.99,26.653333333333332,0.4502251125562782
0,Redoma Rosé 2019,12.0,0.75,19.99,26.653333333333332,0.4502251125562782
0,Graham Beck Méthode Cap Classique Rosé Brut,12.0,0.75,19.99,26.653333333333332,0.4502251125562782
0,Andre Delorme Crémant de Bourgogne Rosé Extra Brut,12.0,0.75,19.99,26.653333333333332,0.4502251125562782
0,Salomon Undhof Franciscus Grüner Veltliner 2022,12.0,0.75,19.99,26.653333333333332,0.4502251125562782
0,Roger Goulart Organic Reserva Cava Brut 2019,12.0,0.75,19.99,26.653333333333332,0.4502251125562782
0,Spanier-Gillot Nokka Riesling 2020,12.0,0.75,19.99,26.653333333333332,0.4502251125562782
0,Shabo Reserve Pinot Grigio 2020,12.0,0.75,19.99,26.653333333333332,0.4502251125562782
0,Taltarni Brut Taché 2014,12.0,0.75,19.99,26.653333333333332,0.4502251125562782
0,Louis Bouillot Cremant de Bourgogne Brut,12.0,0.75,19.99,26.653333333333332,0.4502251125562782
0,Loimer Löyly Grüner Veltliner 2022,12.0,0.75,19.99,26.653333333333332,0.4502251125562782
0,Böhme & Töchter Saale-Unstrut Riesling 2021,12.0,0.75,19.99,26.653333333333332,0.4502251125562782
0,Neleman Organic Macabeo 2021,12.0,0.75,19.99,26.653333333333332,0.4502251125562782
0,Nadal Original Reserva Corpinnat Brut,12.0,0.75,19.99,26.653333333333332,0.4502251125562782
0,Poderi Cellario Langhe Favorita Lafrea 2021,12.0,0.75,19.99,26.653333333333332,0.4502251125562782
0,Sanz El Loco de Finca La Colina  2022,12.0,0.75,19.99,26.653333333333332,0.4502251125562782
0,Tbilvino Qvevris Rkatsiteli 2020,12.0,0.75,19.99,26.653333333333332,0.4502251125562782
0,Thienpont Sarmentine 2021,12.0,0.75,19.99,26.653333333333332,0.4502251125562782
0,De Chanceny Crémant de Loire Brut,12.0,0.75,19.99,26.653333333333332,0.4502251125562782
0,Piqueras VS 2015,15.0,0.75,24.99,33.32,0.4501800720288115
0,Gnarly Head 1924 Whiskey Barrel Aged Red Blend 2021,15.0,0.75,24.99,33.32,0.4501800720288115
0,Idi di Marzo Perdizione 2019,15.0,0.75,24.99,33.32,0.4501800720288115
0,Nikka Coffey Grain,45.0,0.7,69.98,99.97142857142859,0.4501286081737639
0,Sazerac Rye Straight Rye Whiskey,45.0,0.7,69.98,99.97142857142859,0.4501286081737639
0,Säde Arctic Sparkling Wine Sec,12.5,0.75,20.83,27.77333333333333,0.45007201152184356
0,Schlumberger Klassik Rosé Brut 2018,12.0,0.75,20.03,26.706666666666667,0.4493260109835247
0,Baileys Birthday Cake,17.0,0.7,26.49,37.84285714285714,0.4492261230653077
0,Takatalo & Tompuri Kaski Vahva Lager,6.9,0.33,5.07,15.363636363636363,0.449112426035503
0,Xavier 100 % Rouge 2019,15.0,0.75,25.05,33.4,0.44910179640718567
0,Mallassepät Bean Me Up tölkki,6.5,0.33,4.78,14.484848484848484,0.448744769874477
0,Halve Maan Straffe Hendrik Tripel,9.0,0.33,6.62,20.06060606060606,0.44864048338368584
0,Le Diciotto Lune Grappa Stravecchia,41.0,0.7,63.98,91.4,0.4485776805251641
0,Sun Goddess Pinot Grigio Ramato 2020,12.5,0.75,20.90,27.866666666666664,0.44856459330143544
0,Sun Goddess Sauvignon Blanc 2020,12.5,0.75,20.90,27.866666666666664,0.44856459330143544
0,Tropez Rosé 2021,12.5,0.75,20.90,27.866666666666664,0.44856459330143544
0,Trenz Grauburgunder 21 2021,12.5,0.75,20.90,27.866666666666664,0.44856459330143544
0,Pato & Wouters DNMC Baga 2021,12.5,0.75,20.90,27.866666666666664,0.44856459330143544
0,Tornion Routa Imperial Stout,9.5,0.33,6.99,21.18181818181818,0.44849785407725323
0,Cantina Terlano Lagrein 2021,13.5,0.75,22.59,30.12,0.448207171314741
0,Lagavulin 8 Year Old Single Malt,48.0,0.7,74.98,107.11428571428573,0.4481194985329421
0,Loimaan Hop Hop DIPL,9.0,0.33,6.63,20.09090909090909,0.4479638009049774
0,Loimaan Tyrnä Bourbon Barrel Aged Imperial Stout,10.0,0.33,7.37,22.333333333333332,0.44776119402985076
0,Ron La Morita Caribeña 15 Años,40.0,0.2,17.87,89.35,0.44767767207610526
0,Aurelia Reserva Cava Brut Nature,12.0,0.75,20.11,26.813333333333333,0.44753853804077576
0,Glenglassaugh Sandend Single Malt,50.5,0.7,78.99,112.84285714285714,0.4475250031649576
0,The BenRiach 10 Year Old Smoky Ten Single Malt,46.0,0.7,71.98,102.82857142857144,0.4473464851347596
0,Minuty M Rosé 2022,13.0,0.375,10.90,29.066666666666666,0.44724770642201833
0,Bestheim Pinot Gris Grand Cru Zinnkoepfle 2019,14.0,0.75,23.48,31.30666666666667,0.4471890971039182
0,Laurent Vogt Pinot Gris 2022,14.0,0.75,23.48,31.30666666666667,0.4471890971039182
0,NOY Classic,40.0,0.5,44.73,89.46,0.447127207690588
0,Torre Mora Scalunera Rosso 2018,14.0,0.75,23.49,31.319999999999997,0.4469987228607919
0,Ktima Spiropoulos 2018,12.0,0.75,20.14,26.853333333333335,0.44687189672293937
0,Wolfberger Crémant d'Alsace Chardonnay Élevé en Fût de Chêne Brut 2018,12.5,0.75,20.98,27.973333333333333,0.4468541468064824
0,Domaine de Bachen La Dune 2020,12.5,0.75,20.98,27.973333333333333,0.4468541468064824
0,Maria Caterina Rosso di Montepulciano 2021,13.5,0.75,22.66,30.213333333333335,0.4468225948808473
0,Querciabella Ardalico Chianti Classico 2019,14.0,0.75,23.50,31.333333333333332,0.4468085106382979
0,Martell VS Single Distillery 12-pack,40.0,0.6,53.75,89.58333333333334,0.4465116279069767
0,Glenfarclas 105 Single Malt,60.0,0.2,26.88,134.39999999999998,0.4464285714285715
0,Stadin American Mosaical Lager,5.3,0.33,3.92,11.878787878787879,0.4461734693877551
0,Verla Organic Omena,22.0,0.5,24.66,49.32,0.44606650446066504
0,Omnipollo Eliphas Double IPA tölkki,8.1,0.44,7.99,18.15909090909091,0.44605757196495616
0,Auchentoshan Three Wood Single Malt,43.0,0.7,67.49,96.41428571428571,0.44599199881463925
0,Say Vodka Seltzer Orange & Guarana tölkki,4.0,0.33,2.96,8.969696969696969,0.445945945945946
0,Say Vodka Seltzer Grapefruit Lemon tölkki,4.0,0.33,2.96,8.969696969696969,0.445945945945946
0,Say Vodka Seltzer Strawberry & Raspberry tölkki,4.0,0.33,2.96,8.969696969696969,0.445945945945946
0,Hiisi Raivoava Rakki Amber IPA,6.2,0.33,4.59,13.909090909090908,0.44575163398692813
0,Loch Lomond Single Cask 2011 Single Malt,57.0,0.7,89.55,127.92857142857143,0.4455611390284757
0,XXVI Talhas Palhete do Tareco 2021,13.0,0.75,21.90,29.2,0.4452054794520548
0,Popup Sparkling Brut 2018,13.0,0.75,21.90,29.2,0.4452054794520548
0,Substance Sb Sauvignon Blanc 2021,13.0,0.75,21.90,29.2,0.4452054794520548
0,Château de Riquewihr Riesling Grand Cru Schoenenbourg 2021,13.0,0.75,21.90,29.2,0.4452054794520548
0,Frapin VSOP,40.0,0.7,62.90,89.85714285714286,0.4451510333863275
0,Laugar Aupa Tovarisch Russian Imperial Stout Aged in Ardbeg Barrels,13.5,0.33,10.01,30.333333333333332,0.4450549450549451
0,Drumshanbo Single Pot Still Irish Whiskey,43.0,0.7,67.64,96.62857142857143,0.4450029568302779
0,Black Snake Single Malt,59.2,0.7,93.20,133.14285714285717,0.44463519313304717
0,Renault Carte Noire VSOP,40.0,0.7,62.98,89.97142857142858,0.44458558272467447
0,Stagård Urban R Riesling 2019,12.5,0.75,21.09,28.12,0.4445234708392603
0,Koskenkorva Village Tea,4.7,0.33,3.49,10.575757575757576,0.4444126074498567
0,Del Professore Bitter,25.0,0.7,39.38,56.25714285714287,0.4443880142204164
0,Wicklow Wolf Arcadia Gluten Free Lager tölkki,4.3,0.44,4.26,9.681818181818182,0.444131455399061
0,Noah's Mill,57.1,0.7,90.00,128.57142857142858,0.44411111111111107
0,Jean Perrier & Fils Pinot Cuvee Gastronomie  2022,12.0,0.75,20.27,27.026666666666667,0.44400592007893436
0,Gueguen Saint-Bris Curiosite de Bourgogne 2022,12.5,0.75,21.12,28.16,0.44389204545454547
0,Protos 9 Meses 2021,14.5,0.75,24.50,32.666666666666664,0.4438775510204082
0,Ararat 3 Year Old,40.0,0.5,45.06,90.12,0.44385264092321347
0,Glenglassaugh 12 Year Old Single Malt,45.0,0.7,70.98,101.4,0.4437869822485207
0,Plevna Siperia Imperial Stout,8.0,0.33,5.95,18.03030303030303,0.4436974789915966
0,Château Poitevin 2016,13.0,0.75,21.98,29.30666666666667,0.4435850773430391
0,Kaiken Ultra Pinot Noir 2021,13.0,0.75,21.98,29.30666666666667,0.4435850773430391
0,Domaine Zinck Cremant d'Alsace Brut,13.0,0.75,21.98,29.30666666666667,0.4435850773430391
0,Bristol Spirits Trinidad 8 Years Old,43.0,0.7,67.86,96.94285714285715,0.443560271146478
0,Perlugo Zero,12.5,0.75,21.14,28.186666666666667,0.4434720908230842
0,Conde de Cuba 11 años,38.0,0.7,59.99,85.7,0.4434072345390898
0,Domaine Loew Sylvaner Westhoffen 2019,13.0,0.75,21.99,29.319999999999997,0.44338335607094137
0,Château Fontesteau 2016,13.0,0.75,21.99,29.319999999999997,0.44338335607094137
0,Les Équilibristes Hirsute Rouge 2021,13.0,0.75,21.99,29.319999999999997,0.44338335607094137
0,Trediberri Dogliani Bricco Mollea 2020,13.0,0.75,21.99,29.319999999999997,0.44338335607094137
0,Inspiration Rosé 2022,13.0,0.75,21.99,29.319999999999997,0.44338335607094137
0,Château Fontesteau 2014,13.0,0.75,21.99,29.319999999999997,0.44338335607094137
0,Verus Riesling 2020,13.0,0.75,21.99,29.319999999999997,0.44338335607094137
0,Verus Furmint 2021,13.0,0.75,21.99,29.319999999999997,0.44338335607094137
0,Moulin de Gassac Pont de Gassac White 2021,13.0,0.75,21.99,29.319999999999997,0.44338335607094137
0,Domaine de la Vieille Eglise Juliénas 2019,14.5,0.75,24.53,32.70666666666667,0.44333469221361593
0,Lepaan Vadelmainen,21.0,0.5,23.69,47.38,0.44322498944702404
0,Borgo Salcetino Lucarello Riserva 2019,14.0,0.75,23.69,31.58666666666667,0.44322498944702404
0,Lepaan Ruusuinen,21.0,0.5,23.69,47.38,0.44322498944702404
0,Tornion Arctic IPA tölkki,5.5,0.44,5.46,12.409090909090908,0.44322344322344326
0,Tornion Laavu Smoky ESB tölkki,5.5,0.44,5.46,12.409090909090908,0.44322344322344326
0,Chronicle Vineyards Red 2019,13.0,0.75,22.00,29.333333333333332,0.4431818181818182
0,Pagos del Rey Condado de Oriza Gran Reserva 2014,14.0,0.75,23.70,31.599999999999998,0.44303797468354433
0,Brookvale Union Ginger Beer tölkki,4.0,0.33,2.98,9.03030303030303,0.4429530201342282
0,The GlenDronach 12 Year Old Single Malt,43.0,0.7,67.98,97.11428571428573,0.44277728743748157
0,Quinta Nova Unoaked 2021,14.0,0.75,23.73,31.64,0.44247787610619466
0,Plantation Fiji Vintage 2004,50.3,0.7,79.59,113.70000000000002,0.44239226033421275
0,Viña Real Reserva 2016 lahjapakkaus,13.5,0.75,22.89,30.52,0.44233289646133683
0,Spargoute Printanière Chénas 2020,13.5,0.75,22.89,30.52,0.44233289646133683
0,Château de Raousset Morgon Douby 2020,13.5,0.75,22.90,30.53333333333333,0.4421397379912664
0,Waterford Single Farm Origin Hook Head 1.1 Single Malt,50.0,0.7,79.19,113.12857142857143,0.4419749968430357
0,Canti Prosecco Rosé Millesimato Extra Dry 2022,11.0,0.2,4.98,24.900000000000002,0.4417670682730923
0,Le Contesse Prosecco Rosé Brut Piccolo 2021,11.0,0.2,4.98,24.900000000000002,0.4417670682730923
0,Bottega Gold Brut,11.0,0.2,4.98,24.900000000000002,0.4417670682730923
0,Mannucci Droandi Chianti Colli Aretini 2020,14.0,0.75,23.77,31.69333333333333,0.44173327724021877
0,Beautiful Fruit Fragola,5.0,0.75,8.49,11.32,0.4416961130742049
0,Laitilan Brändy Long Drink,5.5,0.33,4.11,12.454545454545455,0.44160583941605835
0,Alvinne Phi Blond Sour Ale,8.0,0.33,5.98,18.12121212121212,0.4414715719063545
0,Dupont Bière de Miel Biologique,8.0,0.33,5.98,18.12121212121212,0.4414715719063545
0,Vale D. Maria Late Bottled Vintage Port 2016,20.0,0.75,33.99,45.32,0.44130626654898497
0,Kilchoman Machir Bay Cask Strenght Single Malt,58.3,0.7,92.49,132.12857142857143,0.44123689047464587
0,Ernst Triebaumer Rust Chardonnay 2021,13.5,0.75,22.95,30.599999999999998,0.44117647058823534
0,Espera Palheto,11.5,0.75,19.55,26.066666666666666,0.4411764705882353
0,Raasay Na Sia Single Cask Unpeated Chinkapin Oak Single Malt,61.9,0.7,98.23,140.32857142857145,0.4411076046014455
0,Salama Bloody Geezer Imperial Berliner Weisse tölkki,8.0,0.44,7.98,18.136363636363637,0.44110275689223055
0,Moersleutel Azacca x 7 NEDIPA tölkki,8.0,0.44,7.98,18.136363636363637,0.44110275689223055
0,Hiisi Pääpäivä Festbier,6.0,0.33,4.49,13.606060606060606,0.44097995545657015
0,Einstök Toasted Porter,6.0,0.33,4.49,13.606060606060606,0.44097995545657015
0,Rodenbach Grand Cru,6.0,0.33,4.49,13.606060606060606,0.44097995545657015
0,De Dolle Brouwers Stille Nacht,12.0,0.33,8.98,27.21212121212121,0.44097995545657015
0,Pirula Pirityinen,11.0,0.75,18.71,24.94666666666667,0.4409406734366648
0,Baileys Tiramisu,17.0,0.7,26.99,38.55714285714286,0.4409040385327899
0,Pizzolato Organic Rose Extra Dry,11.0,0.2,4.99,24.95,0.4408817635270541
0,Amaro Bomba Carta!,33.0,0.7,52.40,74.85714285714286,0.44083969465648853
0,To Øl Coco Fresco India Pale Ale tölkki,7.0,0.44,6.99,15.886363636363637,0.4406294706723891
0,Turbigo Cuvée Urbaine 2019,13.5,0.75,22.98,30.64,0.4406005221932115
0,Church Road McDonald Series Chardonnay 2021,13.5,0.75,22.98,30.64,0.4406005221932115
0,Altos Las Hormigas Terroir Malbec 2018,13.5,0.75,22.98,30.64,0.4406005221932115
0,Torres Secret del Priorat,13.5,0.75,22.98,30.64,0.4406005221932115
0,Wolfberger Grand Cru Steingrubler Riesling 2018,13.5,0.75,22.98,30.64,0.4406005221932115
0,Celler 9+ Medol Cartoixa 2017,12.5,0.75,21.28,28.373333333333335,0.44055451127819545
0,Sighardt Donabaum Blauer Portugieser 2021,12.0,0.75,20.43,27.24,0.4405286343612335
0,Hiisi Ikiiurso Bourbon Barrel Aged Imperial Stout,12.0,0.33,8.99,27.242424242424242,0.44048943270300334
0,Villa Pillo Syrah 2015,13.5,0.75,22.99,30.653333333333332,0.4404088734232275
0,La Spinetta Il Nero Di Casanova 2019,13.5,0.75,22.99,30.653333333333332,0.4404088734232275
0,Bel Echo by Clos Henri Terroir Broadbridge Sauvignon Blanc 2018,13.5,0.75,22.99,30.653333333333332,0.4404088734232275
0,Hugel Classic Gewurztraminer 2020,13.5,0.75,23.00,30.666666666666668,0.4402173913043478
0,Nicosia Sabbie di Sutta 2020,13.5,0.75,23.00,30.666666666666668,0.4402173913043478
0,Fre Körper Kultur Weiss 2022,11.0,1.0,25.00,25.0,0.44
0,Vecchio Amaro del Capo,35.0,0.05,3.98,79.6,0.4396984924623116
0,Santomè Tai Bianco Parcel #368 2015,14.0,0.75,23.90,31.866666666666664,0.43933054393305443
0,Bonterra Estate Collection Cabernet Sauvignon 2020,14.0,0.75,23.90,31.866666666666664,0.43933054393305443
0,Bat Gara Uno 2019,14.0,0.75,23.90,31.866666666666664,0.43933054393305443
0,Nikka Coffey Malt,45.5,0.7,72.50,103.57142857142858,0.43931034482758613
0,Delas La Lacomballe 2019,14.5,0.375,12.38,33.013333333333335,0.43921647819063003
0,Gallia Piton Noir,9.3,0.33,6.99,21.18181818181818,0.43905579399141637
0,Pure Nordic Distillery Extra Pure Vodka,42.0,0.5,47.83,95.66,0.4390549864102028
0,BlueWhite All Malt Heavy Peated,40.0,0.5,45.56,91.12,0.43898156277436345
0,Quinta Varzea da Pedra Arinto 2018,14.0,0.75,23.94,31.92,0.43859649122807015
0,Innis & Gunn Irish Whiskey Cask Oatmeal Stout,6.1,0.33,4.59,13.909090909090908,0.43856209150326797
0,Cortecchia Tombola 2017,14.0,0.375,11.98,31.94666666666667,0.4382303839732888
0,Tenuta Iuzzolini Artino 2020,14.0,0.75,23.96,31.94666666666667,0.4382303839732888
0,Crystal Head Vodka,40.0,0.7,63.90,91.28571428571429,0.4381846635367762
0,Cognac Park Mizunara,43.5,0.7,69.50,99.28571428571429,0.4381294964028777
0,Más Que Vinos Los Conejos Malditos Blanco con Madre 2022,12.5,0.75,21.40,28.53333333333333,0.43808411214953275
0,Kopparberg Naked Apple,4.5,0.33,3.39,10.272727272727273,0.4380530973451327
0,Masi Brolo Campofiorin 2019,14.0,0.75,23.98,31.973333333333333,0.4378648874061718
0,Ciavolich Divus Montepulciano D´Abruzzo 2019,14.0,0.75,23.98,31.973333333333333,0.4378648874061718
0,Petit Clos by Clos Henri Pinot Noir 2018,14.0,0.75,23.98,31.973333333333333,0.4378648874061718
0,Quinta do Portal Reserva Tinto 2020,14.0,0.75,23.98,31.973333333333333,0.4378648874061718
0,Santa Caterina Vino Nobile di Montepulciano DOCG 2020,14.0,0.75,23.98,31.973333333333333,0.4378648874061718
0,Tornatore Etna Rosso 2019,14.0,0.75,23.98,31.973333333333333,0.4378648874061718
0,Hugel Classic Pinot Gris 2022,14.0,0.75,23.98,31.973333333333333,0.4378648874061718
0,Zenato Ripassa Valpolicella Superiore 2019,14.0,0.75,23.98,31.973333333333333,0.4378648874061718
0,Pannonhalmi Hemina 2021,14.0,0.75,23.98,31.973333333333333,0.4378648874061718
0,Casa Emma Chianti Classico 2020,14.0,0.75,23.98,31.973333333333333,0.4378648874061718
0,Yarden Chardonnay 2021,14.0,0.75,23.98,31.973333333333333,0.4378648874061718
0,Alma Atlántica Sangría Rosé,7.0,0.75,11.99,15.986666666666666,0.4378648874061718
0,Villa Belvedere Amarone della Valpolicella 2017,15.0,0.75,25.70,34.266666666666666,0.4377431906614786
0,Erdinger Brauhaus Natur Radler,2.6,0.5,2.97,5.94,0.4377104377104377
0,Dupont VSOP Calvados,42.0,0.5,47.98,95.96,0.43768236765318885
0,Unison Brewing Golden Ale,5.5,0.33,4.15,12.575757575757576,0.43734939759036146
0,Lepaan Sakasti 2004,20.3,0.75,34.82,46.42666666666667,0.43724870763928775
0,Samuel Smith Organic Chocolate Stout,5.0,0.55,6.29,11.436363636363636,0.4372019077901431
0,Kyrö Malt Rye lahjapakkaus,47.2,0.5,53.98,107.96,0.4371989625787329
0,Bernard-Massard Cuvée de l'Ecusson Brut,12.0,0.2,5.49,27.45,0.4371584699453552
0,Querciabella Mongrana 2021,14.5,0.75,24.89,33.18666666666667,0.4369224588188027
0,Hven Organic Aqua Vitae,40.0,0.5,45.78,91.56,0.436871996505024
0,Spirit of Hven Organic Gin,40.0,0.5,45.78,91.56,0.436871996505024
0,Piedras de San Pedro Loculto Crianza 2019,14.5,0.75,24.90,33.199999999999996,0.4367469879518073
0,Campo al Noce Assiolo 2021,14.5,0.75,24.90,33.199999999999996,0.4367469879518073
0,Mauro Veglio Barbera d'Alba 2020,14.5,0.75,24.90,33.199999999999996,0.4367469879518073
0,Franco Conterno Barbera d'Alba Cascina Sciulun 2021,14.5,0.75,24.90,33.199999999999996,0.4367469879518073
0,Martin Codax Albariño 2021,11.5,0.375,9.88,26.346666666666668,0.4364878542510121
0,L’Extra Par Langlois Crémant de Loire Brut,12.5,0.75,21.48,28.64,0.43645251396648044
0,Il Chiosso Nebbiolo 2021,12.5,0.75,21.49,28.653333333333332,0.4362494183341089
0,Maurodos Prima 2020,14.5,0.75,24.93,33.24,0.4362214199759326
0,Brill Törköly Palinka,40.0,0.5,45.85,91.7,0.4362050163576881
0,La Noblaie Goutte de Rosé 2021,12.5,0.75,21.50,28.666666666666668,0.436046511627907
0,Pazo de San Mauro 2018,12.5,0.75,21.50,28.666666666666668,0.436046511627907
0,Millstone 100 Dutch Single Rye,50.0,0.7,80.28,114.6857142857143,0.43597409068261084
0,Xavier Côtes du Rhône Villages 2019,14.5,0.75,24.95,33.266666666666666,0.43587174348697394
0,Huyghe Delirium Argentum,7.0,0.33,5.30,16.06060606060606,0.43584905660377365
0,United Gypsies Shala Shalay Hey Hey Caraway tölkki,6.3,0.33,4.77,14.454545454545453,0.4358490566037736
0,Lofotpils Trollfjord,4.7,0.33,3.56,10.787878787878787,0.43567415730337083
0,Domaine Anita Chénas Cuvée P'tit Co 2021,13.5,0.75,23.24,30.986666666666665,0.43567125645438903
0,Nikka From The Barrel,51.4,0.5,58.99,117.98,0.43566706221393453
0,Lepola Heritage Apple Cider,8.0,0.33,6.06,18.363636363636363,0.43564356435643564
0,Codorníu Gran Plus Ultra Rosé Cava Brut,11.5,0.75,19.80,26.400000000000002,0.43560606060606055
0,Codorníu Non Plus Ultra Reserva Organic Cava Brut,11.5,0.75,19.80,26.400000000000002,0.43560606060606055
0,Muteman Rye Whiskey,40.0,0.5,45.93,91.86,0.43544524276072283
0,Põhjala Helge Gluten Free Pale Ale tölkki,5.0,0.33,3.79,11.484848484848484,0.4353562005277045
0,Pio Cesare Barbera d'Alba 2021,14.5,0.375,12.49,33.306666666666665,0.4353482786228983
0,Bardos Reserva 2018,14.5,0.75,24.98,33.306666666666665,0.4353482786228983
0,Camino Romano Tinto 2020,14.5,0.75,24.98,33.306666666666665,0.4353482786228983
0,Rochefort Triple Extra,8.1,0.33,6.14,18.606060606060606,0.43534201954397395
0,BenRiach The Twelve 12 Year Old Single Malt,46.0,0.7,73.98,105.6857142857143,0.43525277101919435
0,Esporão Reserva 2021 lahjapakkaus,14.5,0.75,24.99,33.32,0.43517406962785116
0,Mironia Reserva 2018,14.5,0.75,24.99,33.32,0.43517406962785116
0,Nederburg Heritage Heroes The Brew Master 2019,14.5,0.75,24.99,33.32,0.43517406962785116
0,Casas Patronales Vigno 2020,14.5,0.75,24.99,33.32,0.43517406962785116
0,XM by Xavier Milhade Saint-Emilion Grand Cru 2018,14.5,0.75,24.99,33.32,0.43517406962785116
0,Gérard Bertrand Domaine de l'Aigle Pinot Noir 2021,14.5,0.75,24.99,33.32,0.43517406962785116
0,Col d'Orcia Rosso di Montalcino 2020,14.5,0.75,24.99,33.32,0.43517406962785116
0,Bottega Rosso di Montalcino 2020,14.5,0.75,24.99,33.32,0.43517406962785116
0,Conde de San Cristobal 2015,14.5,0.75,24.99,33.32,0.43517406962785116
0,Dos Lusíadas Pinteivera 2015,14.5,0.75,24.99,33.32,0.43517406962785116
0,Yalumba Samuel's Collection Barossa Shiraz 2019,14.5,0.75,24.99,33.32,0.43517406962785116
0,Zardoz 2016,14.5,0.75,24.99,33.32,0.43517406962785116
0,Tuju Pukinkäristys Imperial Stout tölkki,10.0,0.44,10.12,22.999999999999996,0.4347826086956522
0,Jean-Marc Bernhard Pinot Gris 2019,13.5,0.75,23.29,31.05333333333333,0.43473593817088885
0,Tasca Conti d' Almerita Regaleali Rosso 2020,13.0,0.75,22.43,29.906666666666666,0.43468568880963
0,Karl Haidle Fass 29 Trollinger 2020,11.0,0.75,18.98,25.30666666666667,0.434668071654373
0,Cecilia Beretta Conegliano Valdobbiadene Prosecco Superiore Brut 2022,11.0,0.75,18.98,25.30666666666667,0.434668071654373
0,Bottega Vino Biologico Prosecco Extra dry,11.0,0.75,18.98,25.30666666666667,0.434668071654373
0,Antons Lång Drink Äppel,5.5,0.275,3.48,12.654545454545454,0.4346264367816092
0,Antons Lång Drink Svartvinbär,5.5,0.275,3.48,12.654545454545454,0.4346264367816092
0,Antons Lång Drink Lingon,5.5,0.275,3.48,12.654545454545454,0.4346264367816092
0,Rampur Double Cask Single Malt,45.0,0.7,72.49,103.55714285714285,0.43454269554421304
0,Entre Vinyes Oniric Brisat 2022,11.0,0.75,18.99,25.319999999999997,0.43443917851500796
0,Costaross Biologico Prosecco Brut,11.0,0.75,18.99,25.319999999999997,0.43443917851500796
0,Beck Pink 2022,11.0,0.75,18.99,25.319999999999997,0.43443917851500796
0,Hewitson Madame M Blanc & Blanc 2021,11.0,0.75,18.99,25.319999999999997,0.43443917851500796
0,Txakoli Rezabal Rosé,11.0,0.75,18.99,25.319999999999997,0.43443917851500796
0,Casa Gheller Prosecco Extra Dry,11.0,0.75,18.99,25.319999999999997,0.43443917851500796
0,Kylie Minogue Rosé Prosecco Extra Dry 2022,11.0,0.75,18.99,25.319999999999997,0.43443917851500796
0,Minuty M Rosé Magnum 2022,13.0,1.5,44.89,29.926666666666666,0.4343951882379149
0,Readers' Rum Chapter One,43.0,0.5,49.50,99.0,0.43434343434343436
0,Brinkhall Somersetti tölkki,6.5,0.33,4.94,14.96969696969697,0.43421052631578944
0,Friedenfelser Radler,2.7,0.5,3.11,6.22,0.4340836012861737
0,Homare Fuji Junmai Ginjo,15.0,0.72,24.89,34.56944444444445,0.4339092004821213
0,Jaillance Icône Crémant de Die Bio Brut 2018,11.5,0.75,19.89,26.52,0.4336349924585219
0,BlueWhite Mil Fhluraichean Malt,58.4,0.5,67.34,134.68,0.43362043362043357
0,Ciavolich Aries Pecorino  2022,13.0,0.75,22.49,29.986666666666665,0.43352601156069365
0,Saint Clair Pioneer Block Sawcut Chardonnay 2020,13.0,0.75,22.49,29.986666666666665,0.43352601156069365
0,Malmgård Pineapple DIPA,7.5,0.33,5.71,17.3030303030303,0.4334500875656743
0,The English 11 Year Old Single Malt,46.0,0.7,74.30,106.14285714285714,0.43337819650067294
0,Romano Levi Grappa di Barolo,42.0,0.7,67.86,96.94285714285715,0.43324491600353665
0,Frei Körper Kultur Rot 2019,12.0,1.0,27.70,27.7,0.4332129963898917
0,Nixta Licor de Elote,30.0,0.7,48.48,69.25714285714285,0.4331683168316832
0,Poli Segretario di Stato Whisky,43.0,0.7,69.50,99.28571428571429,0.4330935251798561
0,G.D Vajra Barbera d'Alba 2022,15.0,0.75,25.98,34.64,0.4330254041570439
0,Founders Mas Agave,10.0,0.355,8.20,23.098591549295772,0.43292682926829273
0,Gustav Metsä Gin,43.2,0.05,4.99,99.8,0.4328657314629259
0,Norton Lote Negro 2021,15.0,0.75,25.99,34.65333333333333,0.4328587918430166
0,Hven MerCurious Corn Whisky,45.6,0.5,52.70,105.4,0.43263757115749524
0,Hven Hvenus Rye Whisky,45.6,0.5,52.70,105.4,0.43263757115749524
0,Thomas Hardy's Ale 2018,13.0,0.33,9.92,30.06060606060606,0.43245967741935487
0,Elusìa Prosecco Extra Dry,11.5,0.75,19.95,26.599999999999998,0.43233082706766923
0,Basil Hayden's Kentucky Straight Bourbon,40.0,0.7,64.77,92.52857142857142,0.4322989038134939
0,Mallassepät Kultaranta Lager,5.2,0.33,3.97,12.030303030303031,0.4322418136020151
0,Agitator Argument Kastanj Single Malt,46.0,0.7,74.50,106.42857142857143,0.43221476510067114
0,Pere Ventura Tresor Reserva Cava Brut,11.5,0.375,9.98,26.613333333333333,0.43211422845691383
0,Robinsons Trooper IPA,4.3,0.5,4.98,9.96,0.431726907630522
0,Schloss Sommerhausen Silvaner Trocken 2020,11.5,0.375,9.99,26.64,0.4316816816816817
0,Säde Demi-Sec,12.5,0.75,21.72,28.959999999999997,0.4316298342541437
0,Sidewood Mappinga Chardonnay 2019,13.0,0.75,22.59,30.12,0.4316069057104914
0,Achel Extra Bruin,9.5,0.75,16.51,22.013333333333335,0.43155663234403385
0,Roca de les Dotze Noray 2010,15.0,0.75,26.07,34.76,0.4315304948216341
0,Villa Conchi Imperial Cava Extra Brut 2018,11.5,0.75,19.99,26.653333333333332,0.43146573286643325
0,Celler Credo Miranius 2017,11.5,0.75,19.99,26.653333333333332,0.43146573286643325
0,Noita Hex Bag 2021,11.5,0.75,19.99,26.653333333333332,0.43146573286643325
0,Noita Pinot Noir 2021,11.5,0.75,19.99,26.653333333333332,0.43146573286643325
0,Tutusaus Gran Reserva Cava Brut Nature 2018,11.5,0.75,19.99,26.653333333333332,0.43146573286643325
0,Andreola XXIII Bio Valdobbiadene Prosecco Rive di San Pietro di Feletto Brut 2021,11.5,0.75,19.99,26.653333333333332,0.43146573286643325
0,Avgvstvs Microvinificacions Xarel-lo (+100) 2018,11.5,0.75,19.99,26.653333333333332,0.43146573286643325
0,Vall Dolina Reserva Cava Brut Nature,11.5,0.75,19.99,26.653333333333332,0.43146573286643325
0,Salama Razzie Passion Imperial Berliner Weisse tölkki,8.0,0.44,8.16,18.545454545454547,0.4313725490196078
0,Romano Levi Grappa di Moscato,40.0,0.7,64.92,92.74285714285715,0.4313000616142945
0,Schröder & Schÿler Private Selection Saint Émilion 2021,13.5,0.75,23.49,31.319999999999997,0.4310344827586207
0,Bianco di Grignanello 2020 hanapakkaus,12.5,3.0,87.02,29.006666666666664,0.43093541714548383
0,Licor 43 Chocolate,16.0,0.7,25.99,37.128571428571426,0.4309349749903809
0,Matteo Correggia Roero Arneis 2021,13.5,0.75,23.50,31.333333333333332,0.4308510638297873
0,Château de la Greffière Vieilles Vignes 2020,13.5,0.75,23.50,31.333333333333332,0.4308510638297873
0,Stahl Scheurebe 2021,12.5,0.75,21.76,29.013333333333335,0.4308363970588235
0,Rémy Martin VSOP lahjapakkaus,40.0,0.7,64.99,92.84285714285714,0.43083551315587015
0,Baladin Nazionale,6.5,0.33,4.98,15.090909090909092,0.43072289156626503
0,Mallassepät Baltic Porter tölkki,6.5,0.33,4.98,15.090909090909092,0.43072289156626503
0,Mallassepät Sunset West Coast IPA tölkki,6.5,0.33,4.98,15.090909090909092,0.43072289156626503
0,Rivo Gin,43.0,0.5,49.92,99.84,0.43068910256410253
0,Pato & Wouters DNMC Bical Arinto 2021,12.0,0.75,20.90,27.866666666666664,0.430622009569378
0,Attuale Bianco 5,5.5,0.375,4.79,12.773333333333333,0.43058455114822547
0,Attuale Rosso 5,5.5,0.375,4.79,12.773333333333333,0.43058455114822547
0,The Doctors' Sauvignon Blanc 2022,9.5,0.75,16.56,22.08,0.4302536231884058
0,Mount Gay XO Triple Cask Blend,43.0,0.7,69.98,99.97142857142859,0.4301228922549299
0,The BenRiach 10 Year Old Single Malt,43.0,0.7,69.98,99.97142857142859,0.4301228922549299
0,Hinch 10 Years Old Sherry Cask Finish,43.0,0.7,69.98,99.97142857142859,0.4301228922549299
0,Hven Sloe Gin,28.6,0.5,33.27,66.54,0.4298166516381124
0,Fonseca Unfiltered Late Bottled Vintage Port 2016,20.0,0.75,34.90,46.53333333333333,0.42979942693409745
0,Dow's Crusted Port,20.0,0.75,34.90,46.53333333333333,0.42979942693409745
0,Johannishof Charta Riesling 2021,10.5,0.75,18.33,24.439999999999998,0.4296235679214403
0,Laugar Nekrocosmos Islay Whisky BA,13.0,0.33,9.99,30.272727272727273,0.4294294294294294
0,Põhjala Virvatuli BA Imperial Gruit,13.0,0.33,9.99,30.272727272727273,0.4294294294294294
0,Smokehead Rum Rebel Single Malt,46.0,0.7,74.99,107.12857142857143,0.4293905854113882
0,Kalevala Saimaa Aged Gin 2022,38.6,0.5,44.95,89.9,0.42936596218020023
0,Magners Irish Pear Cider,4.5,0.33,3.46,10.484848484848484,0.4291907514450867
0,Nûr  2018,14.5,0.75,25.34,33.78666666666667,0.42916337805840565
0,Cuvée les Galfins Pouilly-Fumé 2021,13.0,0.75,22.72,30.293333333333333,0.429137323943662
0,Loimer Kamptal Grüner Veltliner 2022,12.0,0.75,20.98,27.973333333333333,0.42897998093422307
0,Willm Crémant d'Alsace Organic Brut,12.0,0.75,20.98,27.973333333333333,0.42897998093422307
0,Maison du Vigneron Cuvée 8 Brut,12.0,0.75,20.98,27.973333333333333,0.42897998093422307
0,Louis Bouillot Crémant de Bourgogne Rose Brut,12.0,0.75,20.98,27.973333333333333,0.42897998093422307
0,Alexander Gysler Kammerton Weinheimer Riesling Trocken 2020,12.0,0.75,20.98,27.973333333333333,0.42897998093422307
0,Willm Crémant d'Alsace Rosé Brut,12.0,0.75,20.98,27.973333333333333,0.42897998093422307
0,Malmgård Dinkel,4.9,0.33,3.77,11.424242424242424,0.42891246684350137
0,Sirenya Pinot Grigio 2016,12.5,0.75,21.86,29.146666666666665,0.42886550777676125
0,Villa dei Pini Basilicata Bianco 2021,12.5,0.375,10.93,29.146666666666665,0.42886550777676125
0,Villa dei Pini Basilicata Rosato 2021,12.5,0.375,10.93,29.146666666666665,0.42886550777676125
0,Lacryma Christi Del Vesuvio Bianco 2019,12.5,0.375,10.93,29.146666666666665,0.42886550777676125
0,Isle of Raasay Na Sia Single Cask Unpeated ex-Rye Cask,62.1,0.7,101.37,144.81428571428572,0.42882509618230247
0,P&N Kotkan Poika French Saison,6.3,0.33,4.85,14.696969696969695,0.42865979381443303
0,Lapostolle Cuvée Alexandre Merlot 2020,14.5,0.75,25.37,33.82666666666667,0.428655892786756
0,MG Spirit Vodka Grapefruit,5.5,0.275,3.53,12.836363636363634,0.4284702549575072
0,Fiskarsin Lampi Wild Ale,5.7,0.375,4.99,13.306666666666667,0.4283567134268537
0,Mallassepät Smoky Road Rauchbier tölkki,6.8,0.33,5.24,15.878787878787879,0.4282442748091603
0,Lia By Nivarius Pet Nat,12.5,0.75,21.90,29.2,0.4280821917808219
0,Wieninger Wiener Grüner Veltliner 2022,12.5,0.75,21.90,29.2,0.4280821917808219
0,Bouvet Saphir Saumur Vintage Brut 2021,12.5,0.75,21.90,29.2,0.4280821917808219
0,Yalumba Eden Valley Roussanne 2016,12.5,0.75,21.90,29.2,0.4280821917808219
0,Xanadu Exmoor Chardonnay 2019,12.5,0.75,21.90,29.2,0.4280821917808219
0,XXVI Talhas Tinto do Tareco 2021,12.5,0.75,21.90,29.2,0.4280821917808219
0,XXVI Talhas Branco do Tareco 2021,12.5,0.75,21.90,29.2,0.4280821917808219
0,Gustavshof Zero S Rotwein 2021,12.5,0.75,21.90,29.2,0.4280821917808219
0,André Delorme Crémant de Bourgogne Organic Brut,12.5,0.75,21.90,29.2,0.4280821917808219
0,Dourakis Monoceros Grenache Rouge Merlot 2022,14.0,0.75,24.53,32.70666666666667,0.42804728903383604
0,Bock's Katajavehnäpukki,7.0,0.33,5.40,16.363636363636363,0.4277777777777778
0,Juliusspital Würzburger Abtsleite Silvaner trocken 2016,13.5,0.75,23.67,31.560000000000002,0.42775665399239543
0,Malmgård Raparperi Vanilja Sour tölkki,5.0,0.33,3.86,11.696969696969695,0.42746113989637313
0,Giacomo Fenocchio Roero Arneis 2021,13.5,0.75,23.70,31.599999999999998,0.4272151898734178
0,Stagård Urban GV Grüner Veltliner 2018,12.0,0.75,21.09,28.12,0.4267425320056899
0,Santomè Raboso Parcel #912 2012,14.5,0.75,25.49,33.986666666666665,0.426637897214594
0,Domaine Zinck Rosé Crémant d'Alsace Brut,12.5,0.75,21.98,29.30666666666667,0.4265241128298453
0,Atlantis Albariño 2022,12.5,0.75,21.98,29.30666666666667,0.4265241128298453
0,Dreissigacker Riesling 2022,12.5,0.375,10.99,29.30666666666667,0.4265241128298453
0,Fernand Engel Crémant d'Alsace Tradition Brut,12.5,0.375,10.99,29.30666666666667,0.4265241128298453
0,Bründlmayer Grüner Veltliner Kamptal Terrassen 2022,12.5,0.75,21.98,29.30666666666667,0.4265241128298453
0,Brocard Bourgogne Chardonnay 2022,12.5,0.75,21.99,29.319999999999997,0.4263301500682129
0,Jean-Marie Reverdy La Villaudière Sancerre Rosé 2021,12.5,0.75,21.99,29.319999999999997,0.4263301500682129
0,Roubine La Vie en Rose 2022,12.5,0.75,21.99,29.319999999999997,0.4263301500682129
0,Valmiñor Davila 2021,12.5,0.75,21.99,29.319999999999997,0.4263301500682129
0,Basqueland Brewers Cuvée 2022,12.0,0.66,18.58,28.15151515151515,0.42626480086114105
0,De Molen Fruit & Kruid Blond,6.2,0.33,4.80,14.545454545454545,0.42625
0,Barth Fructus Riesling 2022,10.5,0.75,18.48,24.64,0.42613636363636365
0,Veronese Beatrice Damasco Valpolicella 2021,12.5,0.75,22.00,29.333333333333332,0.42613636363636365
0,La Java des Entrefaux Chardonnay 2018,13.5,0.75,23.77,31.69333333333333,0.42595708876735383
0,Sefa Kulla Vranç Special Selection 2016,13.5,0.75,23.77,31.69333333333333,0.42595708876735383
0,Gustave Lorentz Évidence Pinot Noir  2021,13.0,0.75,22.89,30.52,0.4259501965923984
0,Hampton Water Rosé 2020,13.5,0.75,23.79,31.72,0.4255989911727617
0,Jean Loron Rift 69 Sans Sulfités Ajoutes Rose 2021,12.5,0.75,22.03,29.373333333333335,0.4255560599182932
0,Loch Lomond Small Batch Single Malt,53.3,0.7,87.68,125.25714285714288,0.42552463503649623
0,Bottega Tiramisù,17.0,0.5,19.99,39.98,0.4252126063031516
0,Hennessy VSOP lahjapakkaus,40.0,0.7,65.90,94.14285714285715,0.424886191198786
0,Soerlie XO,40.0,0.7,65.90,94.14285714285715,0.424886191198786
0,Dictador 12 Years Icon Reserve,40.0,0.7,65.90,94.14285714285715,0.424886191198786
0,Tenuta Iuzzolini Lumare,13.0,0.75,22.95,30.599999999999998,0.4248366013071896
0,Tariquet XO Pot Gascon,40.0,2.5,235.45,94.17999999999999,0.42471862391165854
0,Akashi Meïsei,40.0,0.5,47.09,94.18,0.4247186239116585
0,Fiskarsin Panimo x Pint Please Vadelma-Raparperi Gose tölkki,4.8,0.33,3.73,11.303030303030303,0.4246648793565684
0,Casamigos Blanco Tequila,40.0,0.7,65.98,94.25714285714287,0.42437102152167316
0,Beatrice et Pascal Lambert Chinon Les Terasses 2020,13.0,0.75,22.98,30.64,0.42428198433420367
0,Château Pigoudet Classic Rosé 2021,13.0,0.75,22.98,30.64,0.42428198433420367
0,Lervig x Deya Group Dynamic Double IPA tölkki,7.7,0.33,5.99,18.151515151515152,0.42420701168614355
0,Cantina Andrian Pinot Noir 2022,13.5,0.75,23.87,31.826666666666668,0.4241726015919564
0,Alta Alella Tallarol 2021,13.0,0.75,22.99,30.653333333333332,0.4240974336668117
0,La Spinetta Toscana Vermentino 2022,13.0,0.75,22.99,30.653333333333332,0.4240974336668117
0,Chateau Vignelaure Rosé 2021,13.0,0.75,22.99,30.653333333333332,0.4240974336668117
0,Glenmorangie Lasanta 12 Year Old Single Malt,43.0,0.7,70.99,101.41428571428571,0.4240033807578532
0,Jean Biecher Grand Cru Rosacker Riesling  2020,13.0,0.75,23.00,30.666666666666668,0.42391304347826086
0,The Dandy Costaross Prosecco Extra Dry,11.0,0.2,5.19,25.95,0.42389210019267826
0,Kaesler Avignon 2017,15.0,0.75,26.57,35.42666666666667,0.4234098607452013
0,Piedemonte Moscatel 2021,11.0,0.5,12.99,25.98,0.42340261739799845
0,Kona Big Wave Golden Ale,4.4,0.355,3.69,10.3943661971831,0.4233062330623306
0,Lustau Vermut Blanco,15.0,0.75,26.59,35.45333333333333,0.4230913877397518
0,Vermut Lustau Rojo,15.0,0.75,26.59,35.45333333333333,0.4230913877397518
0,United Gypsies Double Mangover Witbier tölkki,7.0,0.33,5.46,16.545454545454543,0.42307692307692313
0,Brunehaut Blanche Organic Gluten Free,5.5,0.33,4.29,13.0,0.4230769230769231
0,Pierre Ferrand Réserve Double Cask,42.3,0.7,69.99,99.98571428571428,0.42306043720531505
0,Graham's 10 Years Old Tawny Port,20.0,0.75,35.49,47.32,0.42265426880811496
0,Villa Antinori Rosso 2020,13.5,0.375,11.98,31.94666666666667,0.4225792988313856
0,Cafaggio Chianti Classico 2020,13.5,0.375,11.98,31.94666666666667,0.4225792988313856
0,Arendsig Cabernet Sauvignon Blok A9 2018,13.5,0.75,23.98,31.973333333333333,0.42222685571309426
0,Raul Perez Ultreia Saint Jacques 2020,13.5,0.75,23.98,31.973333333333333,0.42222685571309426
0,Corvers-Kauter Rheingau Organic Pinot Noir 2020,13.5,0.75,23.98,31.973333333333333,0.42222685571309426
0,Montecillo Reserva 2015,13.5,0.75,23.98,31.973333333333333,0.42222685571309426
0,Marchesi di Barolo Samsara Barbera Appassimento 2020,13.5,0.75,23.98,31.973333333333333,0.42222685571309426
0,Giacometti Cru des Agriate 2019,13.5,0.75,23.98,31.973333333333333,0.42222685571309426
0,Patritti Saperavi 2018,13.5,0.75,23.98,31.973333333333333,0.42222685571309426
0,Habla del Silencio 2021 lahjapakkaus,13.5,0.75,23.99,31.986666666666665,0.42205085452271784
0,Lignell & Piispanen Lakka muovipullo,27.0,0.05,3.20,64.0,0.421875
0,Château des Jacques Morgon 2020,14.0,0.75,24.89,33.18666666666667,0.42185616713539575
0,Villa Maria Reserve Chardonnay 2020,14.0,0.75,24.89,33.18666666666667,0.42185616713539575
0,Kvarken Fisherman's Smoked,6.2,0.33,4.85,14.696969696969695,0.42185567010309283
0,J. Lohr Riverstone Chardonnay 2021,14.0,0.75,24.90,33.199999999999996,0.4216867469879519
0,La Misse di Candialle Chianti Classico 2021,14.0,0.75,24.90,33.199999999999996,0.4216867469879519
0,Terre da Vino Barbaresco 2019,14.0,0.75,24.90,33.199999999999996,0.4216867469879519
0,Mancino Vermouth Chinato,17.5,0.5,20.75,41.5,0.42168674698795183
0,Ruosniemen Islay Barrel Imperial Stout 2019,10.0,0.33,7.83,23.727272727272727,0.421455938697318
0,Ruosniemen Bourbon Barrel Imperial Stout 2019,10.0,0.33,7.83,23.727272727272727,0.421455938697318
0,Kup Cal Serisi Emir Sultaniye 2019,13.0,0.75,23.14,30.853333333333335,0.42134831460674155
0,Kyrö Napue Gin,46.3,0.1,10.99,109.89999999999999,0.4212920837124659
0,Sori Dark Humor Club Port Wine Barrel Aged Imperial Stout,10.2,0.33,7.99,24.21212121212121,0.42127659574468085
0,Sori Blind Engineer Imperial Stout,10.2,0.33,7.99,24.21212121212121,0.42127659574468085
0,Baud l'Etoile 2020,13.0,0.75,23.15,30.866666666666664,0.4211663066954644
0,Koskenkorva Salmiakki,32.0,0.04,3.04,76.0,0.42105263157894735
0,Ardbeg 10 Year Old Single Malt,46.0,0.7,76.48,109.25714285714287,0.4210251046025104
0,Laurent Vogt Les Perles Rares 2020,13.5,0.75,24.05,32.06666666666667,0.42099792099792094
0,Waterford Organic Gaia 1.2 Irish Single Malt,50.0,0.7,83.15,118.7857142857143,0.4209260372820204
0,Silly Bio Pils,5.0,0.25,2.97,11.88,0.42087542087542085
0,Fernand Engel Riesling Grand Cru Praelatenberg 2020,14.0,0.75,24.95,33.266666666666666,0.4208416833667335
0,Far Yeast Kagua Rouge,9.0,0.33,7.06,21.39393939393939,0.42067988668555245
0,Brooklyn Bel Air Sour,4.5,0.33,3.53,10.696969696969695,0.42067988668555245
0,Fiskarsin Metsän Henki Kuusenkerkkä-Ale tölkki,4.5,0.33,3.53,10.696969696969695,0.42067988668555245
0,Sumaridge Pinot Noir 2017,14.0,0.75,24.98,33.306666666666665,0.4203362690152122
0,Domaine de l'Aigle Limoux Chardonnay 2021,14.0,0.75,24.99,33.32,0.42016806722689076
0,Trediberri Langhe Nebbiolo 2022,14.0,0.75,24.99,33.32,0.42016806722689076
0,Vuona Fraise Gin,47.0,0.5,55.93,111.86,0.42016806722689076
0,Avgvstvs Cabernet Franc 2021,14.0,0.75,24.99,33.32,0.42016806722689076
0,Bellmunt Vi de Vila 2016,14.0,0.75,24.99,33.32,0.42016806722689076
0,Nederburg Heritage Heroes The Motorcycle Marvel 2019,14.0,0.75,24.99,33.32,0.42016806722689076
0,Domaines Schlumberger Pinot Gris Les Princes Abbés 2017,14.0,0.75,24.99,33.32,0.42016806722689076
0,Roberto Sarotto Barbaresco Riserva 2018,14.0,0.75,24.99,33.32,0.42016806722689076
0,Lan Gran Reserva 2016 lahjapakkaus,14.0,0.75,24.99,33.32,0.42016806722689076
0,Calvet Saint-Emilion Grand Cru 2018,14.0,0.75,24.99,33.32,0.42016806722689076
0,GR-174 2021,14.0,0.75,24.99,33.32,0.42016806722689076
0,The GlenDronach Traditionally Peated Single Malt,48.0,0.7,79.99,114.27142857142857,0.42005250656332044
0,Westmalle Dubbel,7.0,0.75,12.50,16.666666666666668,0.42
0,Mission Gimblett Gravels Reserve Syrah 2020,14.0,0.75,25.01,33.34666666666667,0.4198320671731307
0,Espera Nat'Cool,12.5,1.0,29.80,29.8,0.41946308724832215
0,Blandy's 5 Year Old Bual Madeira,19.0,0.375,16.99,45.306666666666665,0.41936433195997647
0,Muga Reserva 2018,14.0,0.75,25.04,33.38666666666666,0.41932907348242815
0,Corte Archi Valpolicella Ripasso Classico Superiore 2018,14.0,0.75,25.05,33.4,0.4191616766467066
0,Antech Limoux Blanquette de Limoux Brut,12.0,0.75,21.48,28.64,0.41899441340782123
0,Anna de Codorníu Blanc de Blancs Cava Brut,11.5,0.2,5.49,27.45,0.41894353369763204
0,Pizzolato Organic Pinot Grigio Extra Dry 2021,11.5,0.2,5.49,27.45,0.41894353369763204
0,Hiisi Inki Ginger Pale Ale,5.7,0.33,4.49,13.606060606060606,0.41893095768374167
0,Ruffino Prosecco Organic Dry,11.0,0.75,19.70,26.266666666666666,0.4187817258883249
0,Yellow Rose Outlaw Bourbon,46.0,0.7,76.90,109.85714285714288,0.41872561768530553
0,Plantation Single Cask Belize Cherry Liqueur Cask Rum 2015,44.8,0.7,74.90,107.00000000000001,0.41869158878504664
0,Suvi Roséwein 2020,13.0,0.75,23.29,31.05333333333333,0.4186346071275226
0,Avondale Anima Chenin Blanc 2019,13.0,0.75,23.29,31.05333333333333,0.4186346071275226
0,Tormaresca Calafuria 2021,12.0,0.75,21.50,28.666666666666668,0.41860465116279066
0,Ernst Triebaumer Rust Rosé 2021,12.0,0.75,21.50,28.666666666666668,0.41860465116279066
0,Can Suriol Reserva Cava Brut Nature 2019,12.0,0.75,21.50,28.666666666666668,0.41860465116279066
0,Peter Lehmann The Barossan Shiraz 2019,14.5,0.75,25.98,34.64,0.41859122401847576
0,Ruffino Santedame Chianti Classico Organic 2022,14.5,0.75,25.99,34.65333333333333,0.4184301654482494
0,Cantina Kaltern Rosenmuskateller Moscato Rosa 2018,12.0,0.75,21.51,28.680000000000003,0.4184100418410041
0,De Molen Vuur & Vlam IPA,6.2,0.33,4.89,14.818181818181817,0.4184049079754602
0,Magners Irish Cider,4.5,0.33,3.55,10.757575757575756,0.41830985915492963
0,Maku Rollator Tuplapukki tölkki,8.1,0.33,6.39,19.363636363636363,0.4183098591549296
0,The BenRiach 12 Year Old Smoky Twelve Single Malt,46.0,0.7,76.98,109.97142857142859,0.4182904650558586
0,Torbreck Cuvee Juveniles 2019,15.0,0.75,26.90,35.86666666666667,0.41821561338289964
0,Coppo Camp du Rouss 2018,15.0,0.75,26.90,35.86666666666667,0.41821561338289964
0,Happy Joe Red Love Dry Rose Apple Cider,4.5,0.275,2.96,10.763636363636362,0.4180743243243244
0,Redbreast 12 Year Old Single Pot Still,40.0,0.7,66.99,95.7,0.4179728317659352
0,Ron Zacapa Centenario,40.0,0.7,66.99,95.7,0.4179728317659352
0,Cascina Boschetti Gomba Barolo 2019,14.0,0.75,25.13,33.50666666666667,0.41782729805013924
0,Kopparberg Fruit Lager Lemon & Lime,5.0,0.33,3.95,11.969696969696969,0.4177215189873418
0,Salama Neon Beast Citra NEIPA tölkki,6.0,0.44,6.32,14.363636363636365,0.4177215189873417
0,Ararat 5 Year Old,40.0,0.5,47.88,95.76,0.4177109440267335
0,Barao de Vilar Colheita Port 2014,20.0,0.75,35.92,47.89333333333334,0.4175946547884187
0,Hiisi Otus Rye NEIPA,6.2,0.33,4.90,14.84848484848485,0.4175510204081633
0,Hiisi Leimaus Mango-Habanero IPA,6.2,0.33,4.90,14.84848484848485,0.4175510204081633
0,Hiisi Jumi Juicy IPA,6.2,0.33,4.90,14.84848484848485,0.4175510204081633
0,St. John Commandaria,15.0,0.5,17.98,35.96,0.41713014460511677
0,Helsinki Tyrnipontikka,41.7,0.5,49.99,99.98,0.4170834166833367
0,Mallaskoski Routa Havu Sour,5.8,0.33,4.59,13.909090909090908,0.4169934640522876
0,Mallaskoski Routa Koivikko Sour,5.8,0.33,4.59,13.909090909090908,0.4169934640522876
0,Mallaskoski Routa Omenatarha Sour,5.8,0.33,4.59,13.909090909090908,0.4169934640522876
0,Apteekkarin Cognac XO,40.0,0.5,47.99,95.98,0.4167534903104813
0,Père Magloire XO Calvados,40.0,0.5,47.99,95.98,0.4167534903104813
0,Umani Ronchi Casal di Serra 2022,13.0,0.375,11.70,31.2,0.4166666666666667
0,Krasna Hora Herr Gewürtz 2021,12.5,0.75,22.50,30.0,0.4166666666666667
0,Badger The Cranborne Poacher Ruby Ale,5.7,0.5,6.84,13.68,0.4166666666666667
0,Kanavan Motti Karamellistout,6.8,0.33,5.39,16.333333333333332,0.4163265306122449
0,Scriani Lugana,12.5,0.75,22.53,30.040000000000003,0.4161118508655126
0,Turasan Emir 2019,14.5,0.75,26.14,34.85333333333333,0.4160290742157613
0,Angostura Aromatic Bitters,44.7,0.2,21.49,107.44999999999999,0.41600744532340633
0,Sartori Prosecco Brut,11.0,0.2,5.29,26.45,0.41587901701323254
0,Tuori Oaked Honey Moonshine,40.0,0.5,48.11,96.22,0.4157139887757223
0,Uusi Oluttehdas Lager,5.0,0.33,3.97,12.030303030303031,0.41561712846347604
0,Uusi Oluttehdas Pilsner,5.0,0.33,3.97,12.030303030303031,0.41561712846347604
0,Jinro Plum Soju,13.0,0.35,10.95,31.285714285714285,0.4155251141552512
0,Jinro Strawberry Soju,13.0,0.35,10.95,31.285714285714285,0.4155251141552512
0,Caña de Emperador 16 Year Old Guyana Rum,40.0,0.7,67.39,96.27142857142857,0.41549191274669833
0,United Gypsies Night Kit Golden Strong Ale,11.0,0.33,8.74,26.484848484848484,0.41533180778032036
0,Guinness Draught Stout tölkki,4.2,0.44,4.45,10.113636363636363,0.4152808988764045
0,Glenfiddich IPA Single Malt,43.0,0.7,72.50,103.57142857142858,0.4151724137931034
0,Oskar Blues Ten Fidy Imperial Stout tölkki,10.5,0.355,8.98,25.295774647887328,0.41508908685968815
0,Torre Mora Scalunera Bianco 2020,13.0,0.75,23.49,31.319999999999997,0.4150702426564496
0,Weingut Winter Kalkstein Riesling 2022,13.0,0.75,23.49,31.319999999999997,0.4150702426564496
0,Barón de Ley Tres Viñas Blanco Reserva 2020,13.0,0.75,23.49,31.319999999999997,0.4150702426564496
0,Mouton Cadet Réserve Saint-Émilion 2019,13.5,0.75,24.40,32.53333333333333,0.4149590163934426
0,Koskenkorva Mojito hanapakkaus,4.7,1.5,16.99,11.326666666666666,0.4149499705709241
0,Mallaskoski Berry Berliner,4.4,0.33,3.50,10.606060606060606,0.4148571428571429
0,Meinklang Epic Pet Nat 2022,10.5,0.75,18.99,25.319999999999997,0.41469194312796215
0,Seppi Landmann Crémant d'Alsace Brut,12.5,0.75,22.62,30.16,0.41445623342175064
0,O Luar do Sil Godello 2022,13.0,0.75,23.54,31.386666666666667,0.41418861512319455
0,Fiskarsin Kaksi Kotia Vailla Humalaa Wild Herb Gruit,5.5,0.375,4.98,13.280000000000001,0.4141566265060241
0,Casal Garcia 5,5.5,0.375,4.98,13.280000000000001,0.4141566265060241
0,Attuale Bianco Frizzante 5,5.5,0.375,4.98,13.280000000000001,0.4141566265060241
0,Alta Alella Merla 2018,13.5,0.75,24.47,32.626666666666665,0.4137719656722518
0,Aberlour A'Bunadh Single Malt,59.1,0.7,99.99,142.84285714285716,0.4137413741374137
0,Galipette Brut,4.5,0.33,3.59,10.878787878787877,0.41364902506963797
0,Burggarten Signatur Spätburgunder 2018,13.5,0.75,24.48,32.64,0.41360294117647056
0,Kimito RyeWine Rhum Barrel Aged,9.5,0.33,7.58,22.96969696969697,0.4135883905013193
0,Can Sumoi Perfum 2021,11.0,0.75,19.95,26.599999999999998,0.4135338345864662
0,Oniric Sotaterra 2020,11.0,0.75,19.95,26.599999999999998,0.4135338345864662
0,La Noblaie Les Blancs Manteaux 2019,13.5,0.75,24.50,32.666666666666664,0.413265306122449
0,Bava Libera Barbera d´Asti 2021,13.5,0.75,24.50,32.666666666666664,0.413265306122449
0,Sori Triple Exotic Fruit Punch tölkki,7.5,0.33,5.99,18.151515151515152,0.4131886477462437
0,La Noblaie Les Temps de Cerises 2020,13.0,0.75,23.60,31.46666666666667,0.41313559322033894
0,Mesquida Mora Sincronia Blanc 2022,13.0,0.75,23.60,31.46666666666667,0.41313559322033894
0,Ardbeg An Oa Single Malt,46.6,0.7,78.98,112.82857142857144,0.41301595340592556
0,Canti Moscato d'Asti 2021,5.5,0.75,9.99,13.32,0.4129129129129129
0,Bernardi Millesimato Prosecco Dry,11.0,0.375,9.99,26.64,0.4129129129129129
0,Vana Kalev Imperial Baltic Porter Wild Turkey BBA,13.5,0.33,10.79,32.696969696969695,0.4128822984244671
0,Redbreast Lustau Single Pot Still,46.0,0.7,77.99,111.41428571428571,0.41287344531350173
0,Dourakis Monoceros Grenache Rouge Liatiko Rose 2022,13.5,0.75,24.53,32.70666666666667,0.4127598858540562
0,Noita Kosmos Rosé 2021,11.0,0.75,19.99,26.653333333333332,0.4127063531765883
0,Noita Pet Nat 2020,11.0,0.75,19.99,26.653333333333332,0.4127063531765883
0,Heinrich Naked Rosé 2020,11.0,0.75,19.99,26.653333333333332,0.4127063531765883
0,Noita Flux Lumen 2020,11.0,0.75,19.99,26.653333333333332,0.4127063531765883
0,Sorelle Bronca Modi Prosecco Brut,11.0,0.75,19.99,26.653333333333332,0.4127063531765883
0,Marrenon Cuvée M Rosé Brut,11.0,0.75,19.99,26.653333333333332,0.4127063531765883
0,Loimer Gluegglich Rosé,11.0,0.75,19.99,26.653333333333332,0.4127063531765883
0,Bread & Butter Prosecco Extra Dry,11.0,0.75,19.99,26.653333333333332,0.4127063531765883
0,Josep Foraster Petita Julieta Rosat Trepat 2021,11.0,0.75,19.99,26.653333333333332,0.4127063531765883
0,Drty Raspberry Rose tölkki,4.0,0.33,3.20,9.696969696969697,0.4125
0,Fiskarsin Najadi Tyrni Wild Ale,5.5,0.375,5.00,13.333333333333334,0.4125
0,Maku Sinneppäi Omenasiideri tölkki,5.0,0.33,4.00,12.121212121212121,0.4125
0,Hine Rare,40.0,0.7,67.89,96.9857142857143,0.41243187509206064
0,Lost Distillery Jericho Blended Malt,43.0,0.7,72.99,104.27142857142857,0.4123852582545554
0,Lost Distillery Dalaruan Blended Malt,43.0,0.7,72.99,104.27142857142857,0.4123852582545554
0,Lost Distillery Lossit Blended Malt,43.0,0.7,72.99,104.27142857142857,0.4123852582545554
0,Christian Drouin Pomme Prisonnière Calvados,40.0,1.0,97.00,97.0,0.41237113402061853
0,Glendalough 7 Year Old Mizunara Finish Single Malt,46.0,0.7,78.10,111.57142857142857,0.41229193341869397
0,Ritterguts Gose Original,4.7,0.5,5.70,11.4,0.41228070175438597
0,Michel Rolland Mariflor Sauvignon Blanc 2018,14.5,0.75,26.39,35.18666666666667,0.41208791208791207
0,Florian Mollet Pouilly-Fumé 2022,13.0,0.75,23.66,31.546666666666667,0.41208791208791207
0,Belvedere Heritage 176,40.0,0.7,67.98,97.11428571428573,0.4118858487790526
0,Port Charlotte 10 Year Old Single Malt,50.0,0.7,84.99,121.41428571428571,0.4118131544887634
0,Rémy Martin VSOP,40.0,0.35,34.00,97.14285714285715,0.4117647058823529
0,Loudenne Les Jardins Organic Rose 2019,12.0,0.75,21.86,29.146666666666665,0.4117108874656908
0,Lapostolle Cuvée Alexandre Carmenère 2020,14.5,0.75,26.42,35.22666666666667,0.4116199848599546
0,Rodenbach Alexander,5.6,0.33,4.49,13.606060606060606,0.41158129175946545
0,Einstök Arctic Pale Ale,5.6,0.33,4.49,13.606060606060606,0.41158129175946545
0,Huyghe Paranoia tölkki,5.6,0.33,4.49,13.606060606060606,0.41158129175946545
0,Unison Brewing Brown Ale,5.2,0.33,4.17,12.636363636363635,0.41151079136690655
0,Tuju Entistä Kovempi Paketti Imperial Stout,10.0,0.33,8.02,24.3030303030303,0.4114713216957606
0,Fresita,8.0,0.2,3.89,19.45,0.41131105398457585
0,Lumo White Dry,11.5,0.5,13.98,27.96,0.41130185979971384
0,Sighardt Donabaum Grüner Veltliner 2022,11.5,0.75,20.98,27.973333333333333,0.4111058150619638
0,Kühling-Gillot Qvinterra Riesling Trocken 2022,12.0,0.75,21.90,29.2,0.4109589041095891
0,Battenfeld-Spanier Eisquell Riesling Trocken 2021,12.0,0.75,21.90,29.2,0.4109589041095891
0,Beykush Artania White 2022,12.0,0.75,21.90,29.2,0.4109589041095891
0,Volpe Pasini Grivò Pinot Grigio 2021,12.0,0.75,21.90,29.2,0.4109589041095891
0,Val de Rance Granny Smith Cidre Brut,4.0,0.75,7.30,9.733333333333333,0.4109589041095891
0,Omnipollo Zodiak IPA tölkki,6.2,0.33,4.98,15.090909090909092,0.41084337349397587
0,Rampur Single Malt,43.0,0.7,73.33,104.75714285714287,0.41047320332742393
0,Château Bianca Pinot Noir 2018,13.0,0.75,23.76,31.680000000000003,0.4103535353535353
0,North Brewing Transmission IPA tölkki,6.9,0.44,7.40,16.81818181818182,0.41027027027027024
0,Fiskarsin Foeder One Saison,7.6,0.375,6.95,18.533333333333335,0.4100719424460431
0,Helsinki Whiskey 100 % Rye Malt,47.5,0.5,57.93,115.86,0.4099775591230796
0,Genys Imperial Tropical Sour Ale tölkki,8.0,0.44,8.59,19.522727272727273,0.409778812572759
0,Bristol Compass IPA tölkki,6.9,0.355,5.98,16.845070422535212,0.4096153846153846
0,Pflüger Tradition Riesling 2022,12.5,0.75,22.89,30.52,0.40956749672346004
0,Loxarel A Pél Rosé Reserva Brut Nature 2016,12.5,0.75,22.89,30.52,0.40956749672346004
0,Lustau Peninsula Palo Cortado Sherry,19.0,0.375,17.40,46.4,0.40948275862068967
0,Colet A Priori Brut 2018,12.0,0.75,21.99,29.319999999999997,0.40927694406548437
0,Colet Vatua! Extra Brut 2018,12.0,0.75,21.99,29.319999999999997,0.40927694406548437
0,J.Laurens Les Graimenous Cremant de Limoux Brut,12.0,0.75,21.99,29.319999999999997,0.40927694406548437
0,Bernard-Massard Crémant de Luxemburg Cuvée 1921 Brut,12.0,0.75,21.99,29.319999999999997,0.40927694406548437
0,Sattlerhof Südsteiermark Sauvignon Blanc 2022,12.0,0.75,21.99,29.319999999999997,0.40927694406548437
0,Verus Muskateller 2021,12.0,0.75,21.99,29.319999999999997,0.40927694406548437
0,Dr. Loosen Riesling Extra Dry,12.0,0.75,21.99,29.319999999999997,0.40927694406548437
0,Ferdinand's Saar Dry Vermouth,18.0,0.75,32.99,43.98666666666667,0.40921491361018486
0,Gancia Asti Dolce,7.5,0.75,13.75,18.333333333333332,0.4090909090909091
0,Ilegal Reposado Mezcal,40.0,0.7,68.48,97.82857142857144,0.40887850467289716
0,Brugal 1888,40.0,0.7,68.49,97.84285714285714,0.4088188056650606
0,Mathildedalin Teijo IPA,6.9,0.33,5.57,16.87878787878788,0.4087971274685817
0,Millstone 10 Year Old Single Malt,43.0,0.7,73.64,105.2,0.40874524714828897
0,Open Water Farmhouse,6.5,0.33,5.25,15.909090909090908,0.4085714285714286
0,Zisola Sicilia Noto Rosso 2020,12.5,0.75,22.95,30.599999999999998,0.40849673202614384
0,Tenuta Iuzzolini Madre Goccia,12.5,0.75,22.95,30.599999999999998,0.40849673202614384
0,Szende Ikrek 2017,13.5,0.75,24.79,33.053333333333335,0.40843081887858007
0,Catoctin Creek Roundstone Rye Cask Proof,58.3,0.7,99.99,142.84285714285716,0.40814081408140807
0,Château de Raousset Fleurie Grille-Midi 2020,13.0,0.75,23.89,31.853333333333335,0.40812055253244034
0,Kaiho Gold Single Estate Organic Vodka,61.2,0.5,74.98,149.96,0.40810882902107226
0,Stift Engelszell Benno Trappistenbier,6.9,0.33,5.58,16.90909090909091,0.4080645161290323
0,Crowmoor Rusty Rook tölkki,4.5,0.33,3.64,11.03030303030303,0.407967032967033
0,Pongrácz Blanc de Blancs Méthode Cap Classique Brut,12.5,0.75,22.98,30.64,0.40796344647519583
0,Allram Grüner Veltliner Strass 2022,12.5,0.75,22.98,30.64,0.40796344647519583
0,Wieninger Wiener Gemischter Satz 2022,12.5,0.75,22.98,30.64,0.40796344647519583
0,Weszeli Langenlois Grüner Veltliner 2022,12.5,0.75,22.98,30.64,0.40796344647519583
0,Kühling-Gillot Grauburgunder 2022,12.5,0.75,22.98,30.64,0.40796344647519583
0,Bouchard La Vignée Pinot Noir 2019,12.5,0.75,22.98,30.64,0.40796344647519583
0,Selbach-Oster Riesling Trocken 2020,12.5,0.75,22.98,30.64,0.40796344647519583
0,Vitteaut-Alberti Cremant de Bourgogne Blanc de Noirs Brut,12.5,0.75,22.98,30.64,0.40796344647519583
0,Brinkhall Baski tölkki,5.5,0.33,4.45,13.484848484848484,0.40786516853932586
0,Glengoyne 12 Year Old Single Malt,43.0,0.7,73.80,105.42857142857143,0.4078590785907859
0,Erland Valkoinen Marjaviini,12.0,0.75,22.07,29.426666666666666,0.4077933846850929
0,La Spinetta Il Rosé di Casanova 2021,12.5,0.75,22.99,30.653333333333332,0.4077859939103958
0,Can Sumoi Sumoll Garnatxa 2020,13.0,0.75,23.91,31.88,0.4077791718946048
0,Pineau de Laborie,17.2,0.375,15.82,42.18666666666667,0.4077117572692794
0,Kilchoman Sanaig,46.0,0.7,78.98,112.82857142857144,0.40769815143074195
0,Klados The Great Hawk 2021,13.5,0.75,24.84,33.12,0.40760869565217395
0,Son Caules Negre 2013,12.5,0.75,23.00,30.666666666666668,0.4076086956521739
0,Cantina Terlan Terlaner Classico 2022,13.5,0.75,24.85,33.13333333333333,0.4074446680080483
0,Jean Loron Moulin-à-Vent Au Beau Moulin 2019,13.5,0.75,24.85,33.13333333333333,0.4074446680080483
0,To Øl Beach Micro IPA tölkki,3.5,0.44,3.78,8.59090909090909,0.40740740740740744
0,Kimito X Mehu Stratatata West Coast IPA,6.0,0.33,4.86,14.727272727272728,0.4074074074074074
0,Thatchers Rosé,4.0,0.5,4.91,9.82,0.40733197556008144
0,Tosti Asti Dolce,7.0,0.75,12.89,17.186666666666667,0.4072924747866563
0,Petra Unger Ried Steinleithen Riesling 2021,13.5,0.75,24.86,33.14666666666667,0.4072807723250201
0,Herdade do Cebolal Branco 2020,13.0,0.75,23.94,31.92,0.40726817042606517
0,Penderyn Peated Portwood Small Batch Single Malt,59.3,0.7,101.93,145.61428571428573,0.40724026292553706
0,Kyrö Wood Smoke Malt Rye,47.2,0.5,57.98,115.96,0.4070369092790618
0,Che Guava Radical Lager tölkki,3.5,0.5,4.30,8.6,0.4069767441860465
0,Mallassepät Imperial Blackcurrant Sour tölkki,7.2,0.33,5.84,17.696969696969695,0.4068493150684932
0,Orava Mama´s Carrot Cake,5.4,0.33,4.38,13.272727272727272,0.4068493150684932
0,Joseph Drouhin Moulin-à-Vent 2021,13.5,0.75,24.89,33.18666666666667,0.40678987545198875
0,Sutherland Pinot Noir 2019,13.5,0.75,24.89,33.18666666666667,0.40678987545198875
0,Brumont Château Bouscassé 2017,13.5,0.75,24.90,33.199999999999996,0.40662650602409645
0,Piccini Poggio Roveto Bolgheri Rosso 2019,13.5,0.75,24.90,33.199999999999996,0.40662650602409645
0,Campo al Noce Vermentino 2021,13.5,0.75,24.90,33.199999999999996,0.40662650602409645
0,Domaines Schlumberger Riesling Les Princes Abbés 2018,13.0,0.75,23.98,31.973333333333333,0.40658882402001667
0,Gardo & Morris Reserve Pinot Noir 2020,13.0,0.75,23.98,31.973333333333333,0.40658882402001667
0,Artemis Karamolegos Terra Nera Rosé 2022,13.0,0.75,23.98,31.973333333333333,0.40658882402001667
0,Lunar Apogé Lirac 2020,13.0,0.75,23.98,31.973333333333333,0.40658882402001667
0,Alpha Estate Rose Single Vineyard Hedgehog 2022,13.0,0.75,23.98,31.973333333333333,0.40658882402001667
0,Moillard Petit Chablis 2022,12.0,0.75,22.14,29.52,0.4065040650406504
0,Granbazán Etiqueta Ámbar Albariño 2022 lahjapakkaus,13.0,0.75,23.99,31.986666666666665,0.4064193413922468
0,Epic Son of a Baptist tölkki,8.0,0.355,6.99,19.690140845070424,0.40629470672389123
0,Allan Scott Marlborough Pinot Noir 2022,13.0,0.375,12.00,32.0,0.40625
0,Saison Dupont,6.5,0.33,5.28,16.0,0.40625
0,Per Se Aperitivo,14.5,0.7,24.99,35.7,0.40616246498599434
0,Mora & Memo Ica,12.0,0.75,22.16,29.546666666666667,0.40613718411552346
0,Tenuta Carretta Langhe Nebbiolo Podio Podium Serrae 2021,13.5,0.75,24.95,33.266666666666666,0.405811623246493
0,Habla del Silencio Magnum,13.5,1.5,49.90,33.266666666666666,0.405811623246493
0,Dopff au Moulin Grand Cru Schoenenbourg Riesling 2017,13.5,0.75,24.95,33.266666666666666,0.405811623246493
0,Anno Domini Prosecco Frizzante Bio Vegan,11.0,0.75,20.33,27.106666666666666,0.40580423020167244
0,Altolandon Red 2010,14.0,0.75,25.89,34.52,0.4055619930475087
0,Creation Pinot Noir 2020,13.5,0.75,24.97,33.29333333333333,0.4054865839006809
0,Monte Real Gran Reserva 2015,14.0,0.75,25.90,34.53333333333333,0.40540540540540543
0,La Rioja Alta Viña Alberdi Reserva 2018,13.5,0.75,24.98,33.306666666666665,0.40532425940752603
0,Pasqua Valpolicella Ripasso Cascina San Vincenzo 2019,13.5,0.75,24.98,33.306666666666665,0.40532425940752603
0,Wente Riva Ranch Chardonnay 2021,13.5,0.75,24.99,33.32,0.40516206482593037
0,Nivarius Edición Limitada 2017,13.5,0.75,24.99,33.32,0.40516206482593037
0,Milamore 2019,13.5,0.75,24.99,33.32,0.40516206482593037
0,Beykush Dry Red 2022,13.5,0.75,24.99,33.32,0.40516206482593037
0,Ver Sacrum GSM 2021,13.5,0.75,24.99,33.32,0.40516206482593037
0,Bread & Butter Red Blend 2020,13.5,0.75,24.99,33.32,0.40516206482593037
0,Henri Bourgeois Sancerre Les Baronnes Rosé 2022,13.5,0.75,24.99,33.32,0.40516206482593037
0,Artania Red 2021,13.5,0.75,24.99,33.32,0.40516206482593037
0,Nederburg Heritage Heroes The Anchorman Old Vine Chenin Blanc 2021,13.5,0.75,24.99,33.32,0.40516206482593037
0,Astrolabe Marlborough Chardonnay 2019,13.5,0.75,24.99,33.32,0.40516206482593037
0,Kup Cal Serisi Cal Karasi Shiraz 2019,12.5,0.75,23.14,30.853333333333335,0.40514261019878994
0,Laurent Vogt Riesling 2021,12.5,0.75,23.14,30.853333333333335,0.40514261019878994
0,Mallassepät Festbier tölkki,5.5,0.33,4.48,13.575757575757576,0.40513392857142855
0,Speri Valpolicella Ripasso Classico Superiore 2019,13.5,1.5,49.99,33.32666666666667,0.4050810162032406
0,Brancaia Tre Magnum 2018,13.5,1.5,49.99,33.32666666666667,0.4050810162032406
0,Allesverloren Tres Vermelhos 2018,14.5,0.75,26.85,35.800000000000004,0.4050279329608938
0,Valamo Black Tea Gin,48.6,0.5,60.01,120.02,0.40493251124812535
0,Hiisi Itse Gooseberry Sour,6.0,0.33,4.89,14.818181818181817,0.40490797546012275
0,Manousakis Mrs. 2022,14.0,0.75,25.96,34.61333333333334,0.4044684129429892
0,Waterford Organic Gaia 2.1 Single Malt,50.0,0.7,86.54,123.62857142857145,0.40443725444880974
0,Brooklyn Bel Sour Air Key Lime Gose,5.0,0.33,4.08,12.363636363636363,0.40441176470588236
0,Florio Targa Marsala Superiore Riserva Semisecco 2007,19.0,0.5,23.50,47.0,0.40425531914893614
0,Humalove VII,11.0,0.33,8.98,27.21212121212121,0.40423162583518935
0,Triacca La Madonnina Chianti Classico Riserva 2018,14.0,0.375,12.99,34.64,0.40415704387990764
0,Terrazas de los Andes Malbec 2020,14.0,0.75,25.98,34.64,0.40415704387990764
0,La Conreria d'Scala Dei Nona 2020,14.5,0.75,26.91,35.88,0.40412486064659975
0,Creation Chardonnay 2016,14.0,0.75,25.99,34.65333333333333,0.4040015390534822
0,Enrico Serafino Pajena Barbera D'Alba 2020,14.0,0.75,25.99,34.65333333333333,0.4040015390534822
0,Marques de Riscal Reserva Magnum 2018,14.0,1.5,51.99,34.660000000000004,0.4039238315060588
0,Rochefort 8,9.2,0.33,7.52,22.787878787878785,0.40372340425531916
0,Pagos De Los Capellanes Joven Roble 2021,14.5,0.75,26.94,35.92,0.4036748329621381
0,Lamole di Lamole Chianti Classico 2020,14.0,0.75,26.02,34.693333333333335,0.40353574173712525
0,Mallaskoski Blackcurrant Sour,5.0,0.33,4.09,12.393939393939393,0.4034229828850856
0,Mallaskoski Blueberry Sour Ale,5.0,0.33,4.09,12.393939393939393,0.4034229828850856
0,Mallaskoski Lingonberry Sour,5.0,0.33,4.09,12.393939393939393,0.4034229828850856
0,Hiisi Kratti Red Hibiscus & Darjeeling Sour,5.5,0.33,4.50,13.636363636363635,0.4033333333333334
0,Creation Syrah Grenache 2016,14.5,0.75,26.98,35.973333333333336,0.40307635285396587
0,Henri Bourgeois Pouilly-Fumé En Travertin 2020,14.5,0.75,26.98,35.973333333333336,0.40307635285396587
0,Chateau Smith Cabernet Sauvignon 2018,14.5,0.75,26.98,35.973333333333336,0.40307635285396587
0,Beefsteak Club Reserve Malbec 2020,14.5,0.75,26.98,35.973333333333336,0.40307635285396587
0,Angels & Cowboys Proprietary Red 2019,14.5,0.75,26.98,35.973333333333336,0.40307635285396587
0,Trus Crianza 2019,14.5,0.75,26.99,35.986666666666665,0.4029270100037051
0,G21,21.0,0.5,26.07,52.14,0.40276179516685845
0,Kimito Rhubarb Sour Saison,6.2,0.33,5.08,15.393939393939393,0.40275590551181106
0,Catoctin Creek Roundstone Rye Distillers Edition,46.0,0.7,79.99,114.27142857142857,0.4025503187898487
0,L'Authentique French Cider Pear,4.5,0.33,3.69,11.181818181818182,0.4024390243902439
0,Val de France L'Authentique French Cider Ginger Lemon,4.5,0.33,3.69,11.181818181818182,0.4024390243902439
0,Val de France L'Authentique French Cider Raspberry,4.5,0.33,3.69,11.181818181818182,0.4024390243902439
0,Val de France L'Authentique French Cider Brut,4.5,0.33,3.69,11.181818181818182,0.4024390243902439
0,Cantina Kaltern Rosé 2018,12.5,0.75,23.31,31.08,0.40218790218790224
0,Braastad VS,40.0,0.04,3.98,99.5,0.4020100502512563
0,Zwack Unicum muovipullo,40.0,0.04,3.98,99.5,0.4020100502512563
0,Luigi Righetti Capitel de Roari Amarone della Valpolicella Classico 2018,15.0,0.75,27.99,37.32,0.40192926045016075
0,The Glenrothes Whisky Maker's Cut Single Malt,48.8,0.7,85.00,121.42857142857143,0.4018823529411764
0,Juvé & Camps Cinta Púrpura Reserva Cava Brut,12.0,0.375,11.20,29.866666666666664,0.4017857142857143
0,Leth Simply Wow 200 United 2019,13.5,0.75,25.20,33.6,0.40178571428571425
0,Turasan Ökuzgözu Bogazkere 2019,14.0,0.75,26.14,34.85333333333333,0.40168324407039024
0,Turasan Narince 2019,14.0,0.75,26.14,34.85333333333333,0.40168324407039024
0,Teerenpeli Savu Cask Strength Single Malt,58.5,0.5,72.84,145.68,0.40156507413509057
0,Haus Klosterberg Sekt Brut,11.5,0.75,21.48,28.64,0.401536312849162
0,Pasanau Vi de Vila Poboleda 2018,16.0,0.75,29.89,39.85333333333333,0.4014720642355303
0,Waterford Biodynamic Luna 1.1 Irish Single Malt,50.0,0.7,87.18,124.54285714285716,0.4014682266574902
0,Brinkhalli tölkki,5.0,0.33,4.11,12.454545454545455,0.40145985401459855
0,Tullibardine 15 Year Old Single Malt,43.0,0.7,74.99,107.12857142857143,0.4013868515802107
0,Juliette Avril Châteauneuf-du-Pape 2020,15.5,0.75,28.97,38.626666666666665,0.4012771832930618
0,Tasca Conti d' Almerita Regaleali Bianco 2019,12.0,0.75,22.43,29.906666666666666,0.40124832813196615
0,Rhuby,20.0,0.7,34.90,49.85714285714286,0.40114613180515757
0,Williams Chase Seville Orange Gin,40.0,0.7,69.81,99.72857142857144,0.4010886692450938
0,Salama Meanwhile In Vermont Cold IPA tölkki,6.8,0.44,7.46,16.954545454545453,0.40107238605898127
0,Lacryma Christi Del Vesuvio Rosato,12.5,0.375,11.69,31.173333333333332,0.40098374679213006
0,Trenz Johannisberg Kabinett 21 Riesling 2021,10.5,0.75,19.64,26.186666666666667,0.4009674134419552
0,Martin Obenaus MO Weiss 2020,10.5,0.75,19.65,26.2,0.40076335877862596
0,Apis Wsciekla Pszczola,13.0,0.75,24.33,32.44,0.40073982737361286
0,Pizzolato Organic Prosecco Rose Brut 2020,11.0,0.2,5.49,27.45,0.40072859744990896
0,Pyynikin Gin Glögi,15.0,0.5,18.72,37.44,0.40064102564102566
0,Planat XO Imperial,40.0,0.7,69.89,99.84285714285716,0.40062956073830297
0,Kyrö Rhubarb Gin & Juice,8.0,0.75,14.98,19.973333333333333,0.4005340453938585
0,Kahakka West Coast IPA tölkki,7.0,0.44,7.69,17.477272727272727,0.40052015604681407
0,Mallassepät Coconut Imperial Stout tölkki,12.0,0.33,9.89,29.96969696969697,0.40040444893832156
0,Telmo Rodriguez Mountain Blanco 2021,13.5,0.75,25.29,33.72,0.400355871886121
0,Château Cantinot 2010,13.5,0.75,25.29,33.72,0.400355871886121
0,Jean-Luc Pasquet L´Organic 10,40.0,0.7,69.95,99.92857142857144,0.40028591851322365
0,Pegasus Amarone della Valpolicella 2017,16.0,0.75,29.98,39.973333333333336,0.400266844563042
0,Masca del Tacco Piano Chiuso Riserva 2019,16.0,0.75,29.98,39.973333333333336,0.400266844563042
0,Kahlúa Coffee Liqueur,16.0,0.5,19.99,39.98,0.40020010005002504
0,Pedra Nº 03 White Port,18.0,0.5,22.49,44.98,0.4001778568252557
0,Balfour Skye's Chardonnay 2019,12.0,0.75,22.49,29.986666666666665,0.4001778568252557
0,Lecompte 12 Ans Calvados,40.0,0.7,69.97,99.95714285714286,0.4001715020723167
0,Rönnvikin Kamrer Schrey,40.0,0.5,49.98,99.96,0.4001600640256103
0,Camus VSOP,40.0,0.7,69.98,99.97142857142859,0.400114318376679
0,Aberfeldy 16 Year Old Single Malt,40.0,0.7,69.98,99.97142857142859,0.400114318376679
0,Andre Delorme Crémant de Bourgogne Magnum Brut,12.0,1.5,44.99,29.993333333333336,0.4000889086463658
0,Soerlie XO Organic Reserve,40.0,0.5,49.99,99.98,0.40008001600320064
0,Catoctin Creek Roundstone Rye Single Barrel,40.0,0.7,69.99,99.98571428571428,0.4000571510215745
0,Smokehead Sherry Cask Blast Islay Single Malt,48.0,0.7,83.99,119.98571428571428,0.40004762471722827
0,Bernard-Massard Cuvée de l'Ecusson Brut Jeroboam,12.0,3.0,89.99,29.996666666666666,0.40004444938326483
0,Craggy Range Te Kahu 2019,13.5,0.75,25.31,33.74666666666666,0.4000395100750692
0,Edmond Briottet Crème de Cassis de Dijon,20.0,0.5,25.00,50.0,0.4
0,Nehrer Purple Rain 2022,12.0,0.75,22.50,30.0,0.4
0,Campo Al Pero Bolgheri Rosso 2018,14.0,0.75,26.26,35.013333333333335,0.3998476770753998
0,Glenglassaugh Portsoy Single Malt,49.1,0.7,85.98,122.82857142857144,0.39974412654105607
0,Hellyers Road Peated Single Malt,46.2,0.7,80.91,115.58571428571429,0.39970337411939194
0,Peter Skoff Morillon Gamlitz 2021,13.0,0.75,24.41,32.54666666666667,0.3994264645637034
0,Glen Scotia Victoriana Single Malt,54.2,0.7,94.99,135.7,0.3994104642593958
0,Mallassepät Humala Series Idaho 7 Hazy IPA tölkki,5.3,0.33,4.38,13.272727272727272,0.3993150684931507
0,Mallassepät Humala Series Mosaic & Simcoe Hazy IPA tölkki,5.3,0.33,4.38,13.272727272727272,0.3993150684931507
0,Antonin Rodet Pinot Noir 2022,12.5,0.75,23.48,31.30666666666667,0.39927597955706984
0,Kimito Raspberry Sour Saison,6.0,0.33,4.96,15.03030303030303,0.3991935483870968
0,Torre Mora Scalunera Rosato 2020,12.5,0.75,23.49,31.319999999999997,0.39910600255427847
0,Gorghi Tondi Coste a Preola Nero d'Avola 2020,14.0,0.75,26.31,35.08,0.3990877993158495
0,Põlev Jõgi Rum Barrel Aged,13.0,0.33,10.75,32.57575757575757,0.3990697674418605
0,Melchiori Zingy Organic,4.5,0.5,5.64,11.28,0.398936170212766
0,Brooklyn Pilsner,4.6,0.33,3.81,11.545454545454545,0.3984251968503937
0,Lehe Pimedaim Tund Enne Koitu,10.5,0.33,8.70,26.36363636363636,0.3982758620689656
0,Mallaskuun Black IPA,7.0,0.33,5.80,17.575757575757574,0.39827586206896554
0,Valdespino El Candado Pedro Ximenez Sherry,17.0,0.375,16.01,42.693333333333335,0.3981886321049344
0,Teerenpeli Savu Single Malt,43.0,0.5,54.00,108.0,0.39814814814814814
0,Cazes Samsó Cinsault Nature 2021,10.5,0.75,19.78,26.373333333333335,0.3981294236602629
0,Merlet Crème de Cassis,20.0,0.5,25.13,50.26,0.3979307600477517
0,Monte Del Frá Valpolicella Classico Superiore Ripasso 2020,14.0,0.75,26.40,35.199999999999996,0.39772727272727276
0,Vuina Crljenak Štafileo Zinfandel 2016,15.0,0.75,28.29,37.72,0.3976670201484624
0,CoolHead Farewell Porter tölkki,6.0,0.33,4.98,15.090909090909092,0.39759036144578314
0,Seppi Landmann Biologique Riesling 2020,12.5,0.75,23.58,31.439999999999998,0.39758269720101785
0,Jean Loron Les Vieux Cèdres Morgon 2020,13.0,0.75,24.53,32.70666666666667,0.3974724826742764
0,Dourakis Monoceros Vilana 2021,13.0,0.75,24.53,32.70666666666667,0.3974724826742764
0,Jean Loron Rift 69 Sans Soufre Ajouté 2020,13.0,0.75,24.53,32.70666666666667,0.3974724826742764
0,Frei Körper Kultur Rosé 2020,11.0,1.0,27.70,27.7,0.39711191335740076
0,De Molen Water & Vuur NEIPA,6.0,0.33,4.99,15.121212121212121,0.3967935871743487
0,Dugges Saffron Imperial Stout,12.0,0.33,9.98,30.242424242424242,0.3967935871743487
0,Horizont Hazy Queen tölkki,6.0,0.33,4.99,15.121212121212121,0.3967935871743487
0,Põhjala Enn Barrel BA Irish Coffee Imperial Stout,12.0,0.33,9.98,30.242424242424242,0.3967935871743487
0,Anarchy Empty Crowd Imperial Stout tölkki,9.0,0.44,9.98,22.681818181818183,0.39679358717434865
0,Kakola Riviera IPA,6.5,0.33,5.41,16.393939393939394,0.3964879852125693
0,Anderson's Total Eclipse tölkki,7.7,0.33,6.41,19.424242424242422,0.39641185647425903
0,Underberg 3-pack,44.0,0.06,6.66,111.0,0.3963963963963964
0,Underberg,44.0,0.02,2.22,111.00000000000001,0.39639639639639634
0,Blandy's 5 Years Old Malmsey Rich Madeira,19.0,0.375,17.98,47.946666666666665,0.396273637374861
0,Avondale Genus 2019,14.0,0.75,26.50,35.333333333333336,0.3962264150943396
0,Château Trébiac Blanc 2022,12.5,0.75,23.67,31.560000000000002,0.3960709759188846
0,Protos Crianza 2019,14.5,0.375,13.73,36.61333333333334,0.3960305899490167
0,Ainoa Aho,13.0,0.7,22.98,32.82857142857143,0.39599651871192343
0,Domaine de la Galotière Cidre Biologique Brut,5.0,0.75,9.47,12.626666666666667,0.395987328405491
0,Costa D´San Bastian Ambro Bianco 2020,14.0,0.75,26.53,35.373333333333335,0.39577836411609496
0,McGuigan Bin 9000 Semillon 2022,10.5,0.75,19.90,26.53333333333333,0.3957286432160804
0,Teeling Wonders Of Wood Single Pot Still Virgin Chinkapin Oak,50.0,0.7,88.49,126.41428571428571,0.3955249180698384
0,Isabelle & Pierre Clément Tradition 2017,13.5,0.75,25.64,34.18666666666667,0.3948907956318253
0,Ruffino Riserva Ducale 2020,14.0,0.75,26.59,35.45333333333333,0.39488529522376836
0,Brew Age Alphatier New England IPA,5.6,0.33,4.68,14.18181818181818,0.3948717948717949
0,Laugar Funeralopolis Russian Imperial Stout,10.0,0.33,8.36,25.333333333333332,0.39473684210526316
0,Stift Engelszell Nivard Trappistenbier,5.5,0.33,4.60,13.939393939393938,0.3945652173913044
0,Hiisi Hölli Juicy Pale Ale,5.5,0.33,4.60,13.939393939393938,0.3945652173913044
0,Hiisi Gosebump Raspberry & Passionfruit Gose,5.5,0.33,4.60,13.939393939393938,0.3945652173913044
0,Fiskarsin Helan Går! Rapujuhlaolut tölkki,4.1,0.33,3.43,10.393939393939394,0.39446064139941683
0,Keesmann Bamberger Herren Pils,4.8,0.5,6.09,12.18,0.39408866995073893
0,Weninger Fehérburgundi 2020,12.5,0.75,23.79,31.72,0.39407313997477933
0,Noita Doppelgänger 2021,10.5,0.75,19.99,26.653333333333332,0.3939469734867434
0,Carl Loewen Varidor Riesling 2022,11.5,0.75,21.90,29.2,0.3938356164383562
0,Filipa Pato 3b Rose Extra Bruto 2021,11.5,0.75,21.90,29.2,0.3938356164383562
0,Samuel Smith Oatmeal Stout,5.0,0.355,4.51,12.704225352112676,0.39356984478935697
0,Kyrö Peat Smoke Malt Rye,47.2,0.5,59.98,119.96,0.39346448816272095
0,Ruca Malen Kinien Cabernet Sauvignon 2012,14.1,0.75,26.89,35.85333333333333,0.3932688731870584
0,Schloss Vollrads Riesling 2022,11.0,0.375,10.49,27.973333333333333,0.3932316491897045
0,Le Brun Cidre Artisanal Biologique,5.5,0.75,10.49,13.986666666666666,0.3932316491897045
0,Jurtschitsch Belle Naturelle 2021,12.0,0.75,22.89,30.52,0.3931847968545216
0,Neumeister Gelber Muskateller Trocken 2022,12.0,0.75,22.89,30.52,0.3931847968545216
0,Roger & Didier Raimbault Sancerre 2022,13.0,0.75,24.80,33.06666666666667,0.39314516129032256
0,Stadt Krems Grüner Veltliner Ried Wachtberg 1ÖTW 2018,13.5,0.75,25.77,34.36,0.39289871944121074
0,Numanthia Termes 2020,15.5,0.75,29.59,39.45333333333333,0.3928692125718148
0,Sainchargny Émérite Crémant de Bourgogne Brut 2017,11.5,0.75,21.97,29.293333333333333,0.39258079198907603
0,Klados White Diva 2021,13.0,0.75,24.84,33.12,0.392512077294686
0,Klados Pink Blackbird 2021,13.0,0.75,24.84,33.12,0.392512077294686
0,Romain Duvernay Châteauneuf-du-Pape Organic 2019,15.5,0.75,29.62,39.49333333333333,0.3924713031735314
0,Tuori Cask & Spirit,32.0,0.5,40.77,81.54,0.3924454255580083
0,Hugel Classic Riesling 2022,12.5,0.75,23.89,31.853333333333335,0.3924236082042695
0,Frontaal For The Love Of Hops Pink New England DIPA tölkki,8.0,0.44,8.97,20.386363636363637,0.39241917502787066
0,Roger Champault Sancerre les Pierris 2022,12.5,0.75,23.90,31.866666666666664,0.39225941422594146
0,Gut von Beiden Riesling Trocken 2020,12.5,0.375,11.95,31.866666666666664,0.39225941422594146
0,Heinrich Naked White 2021,11.5,0.75,21.99,29.319999999999997,0.39222373806275584
0,Koehler-Ruprecht Kallstadter Riesling Kabinett Trocken 2018,11.5,0.75,21.99,29.319999999999997,0.39222373806275584
0,Petra Unger Ried Hintere Point Grüner Veltliner 2021,13.0,0.75,24.86,33.14666666666667,0.3921962992759453
0,Sushibar + Wine Riesling Organic 2021,12.0,0.75,22.95,30.599999999999998,0.3921568627450981
0,Kilchoman Bourbon Barrel Small Batch Turve Single Malt,56.0,0.7,99.98,142.82857142857145,0.39207841568313656
0,Poderi Colla Pian Balbo 2019,12.5,0.75,23.92,31.893333333333334,0.3919314381270903
0,Belsazar Rosé Vermouth,17.5,0.75,33.49,44.653333333333336,0.39190803224843235
0,Luxardo Aperitivo,11.0,0.7,19.66,28.08571428571429,0.39165818921668355
0,Laroche Petit Chablis L 2022,12.0,0.75,22.98,30.64,0.391644908616188
0,Heinrich Pinot Noir 2022,12.0,0.75,22.98,30.64,0.391644908616188
0,Dr. Bürklin-Wolf Riesling trocken 2021,12.0,0.75,22.98,30.64,0.391644908616188
0,Bestheim Grand Prestige Crémant d'Alsace Brut 2018,12.0,0.75,22.98,30.64,0.391644908616188
0,Louis Bouillot Perle d'Or Millésimé Crémant de Bourgogne Rosé Brut 2017,12.0,0.75,22.98,30.64,0.391644908616188
0,Pühaste Epicus Bourbon BA Imperial Stout Silver Series,15.0,0.33,12.64,38.303030303030305,0.3916139240506329
0,Saint Clair Omaka Reserve Chardonnay 2020,13.0,0.75,24.90,33.199999999999996,0.391566265060241
0,M. Chapoutier Les Tanneurs Saint-Péray 2021,13.0,0.75,24.90,33.199999999999996,0.391566265060241
0,Istenic Prestige Extra Brut 2013,13.0,0.75,24.90,33.199999999999996,0.391566265060241
0,Niepoort Vertente 2019,13.0,0.75,24.90,33.199999999999996,0.391566265060241
0,FJ Regnery Klüsserather Bruderschaft Pinot Noir 2021,13.0,0.75,24.90,33.199999999999996,0.391566265060241
0,Château la Rabotine Sancerre 2022,13.0,0.75,24.90,33.199999999999996,0.391566265060241
0,Roger Goulart Gran Reserva Cava Extra Brut 2018,12.0,0.75,22.99,30.653333333333332,0.39147455415398
0,Casa Silva Lago Ranco Pinot Noir 2017,12.0,0.75,22.99,30.653333333333332,0.39147455415398
0,Il Palagio When We Dance 2022,12.0,0.75,22.99,30.653333333333332,0.39147455415398
0,Gillardi Maestra Dolcetto di Dogliani 2019,13.0,0.75,24.91,33.21333333333333,0.3914090726615817
0,Bulgarini Lugana 2022,13.0,0.75,24.91,33.21333333333333,0.3914090726615817
0,Klados Her King 2020,13.5,0.75,25.87,34.49333333333333,0.3913799768071125
0,Charivari L'Aventure Nocturne 2019,13.5,0.75,25.87,34.49333333333333,0.3913799768071125
0,Karam Maison Syrah Cinsault 2018,12.5,0.75,23.96,31.94666666666667,0.3912771285475793
0,Bava Viva in Bottiglia Frizzante 2020,13.5,0.75,25.89,34.52,0.39107763615295477
0,Giacometti Cru des Agriate Blanc 2020,12.5,0.75,23.98,31.973333333333333,0.39095079232693913
0,Szigeti Zero Dosage Brut Nature,12.5,0.75,23.98,31.973333333333333,0.39095079232693913
0,Bouvet Blanc de Blancs Vintage Crémant de Loire  Brut 2021,12.5,0.75,23.98,31.973333333333333,0.39095079232693913
0,Jim Barry Assyrtiko 2018,12.5,0.75,23.98,31.973333333333333,0.39095079232693913
0,Francois Martenot Chablis Monflory 2022,12.5,0.75,23.98,31.973333333333333,0.39095079232693913
0,Pflüger Biodynamite 2022,12.5,0.75,23.98,31.973333333333333,0.39095079232693913
0,Santiago Ruiz O Rosal 2021,12.5,0.75,23.98,31.973333333333333,0.39095079232693913
0,Suertes del Marqués 7 Fuentes 2019,12.5,0.75,23.98,31.973333333333333,0.39095079232693913
0,Serge Dagueneau & Filles Pouilly-Fumé Tradition 2020,14.0,0.375,13.43,35.81333333333333,0.39091586001489204
0,Domaine de Biéville Chablis 2022,12.5,0.75,23.99,31.986666666666665,0.39078782826177577
0,Il Poderaccio Chianti Colli Senesi 2020,13.0,0.75,24.95,33.266666666666666,0.3907815631262525
0,Takatalo & Tompuri Kaski Savubock,6.5,0.33,5.49,16.636363636363637,0.3907103825136612
0,Lepaan Liereä,4.7,0.33,3.97,12.030303030303031,0.3906801007556675
0,Soalheiro Alvarinho Bruto,12.5,0.75,24.00,32.0,0.390625
0,Bucci Verdicchio dei Castelli di Jesi Classico Superiore 2021,13.0,0.75,24.96,33.28,0.390625
0,Soalheiro Rosé Bruto,12.5,0.75,24.00,32.0,0.390625
0,Kaiho Ruby Blackcurrant Liqueur Organic,21.0,0.5,26.89,53.78,0.3904797322424693
0,Churchill Reserve Port,19.5,0.2,9.99,49.949999999999996,0.3903903903903904
0,Teerenpeli Palo Peated Sherry Single Malt,46.0,0.5,58.92,117.84,0.39035980991174474
0,K Vintners Little K Syrah 2016,14.0,0.75,26.90,35.86666666666667,0.3903345724907063
0,Casa de Mouraz Jaen 2017,14.0,0.75,26.90,35.86666666666667,0.3903345724907063
0,Geyerhof Ried Sprinzenberg Riesling 2022,13.0,0.75,24.98,33.306666666666665,0.3903122497998399
0,Hospice de Colmar Riesling  2021,13.0,0.75,24.98,33.306666666666665,0.3903122497998399
0,Nittnaus Kalk & Schiefer 2022,13.0,0.75,24.98,33.306666666666665,0.3903122497998399
0,Pizzolato Organic Moscato Dolce 2022,6.5,0.75,12.49,16.653333333333332,0.3903122497998399
0,Domaine Ricardelle de Lautrec Scène no. 5 Vin Orange 2021,12.0,0.75,23.06,30.746666666666666,0.39028620988725066
0,Trimbach Riesling 2021,13.0,0.75,24.99,33.32,0.39015606242497
0,Quinta do Sil Godello 2021,13.0,0.75,24.99,33.32,0.39015606242497
0,Yalumba Eden Valley Viognier 2021,13.0,0.75,24.99,33.32,0.39015606242497
0,Azul y Garanza Naturaleza Salvaje Negre 2020,13.0,0.75,24.99,33.32,0.39015606242497
0,Beatrice Et Pascal Lambert Chinon Les Perruches 2020,13.0,0.75,24.99,33.32,0.39015606242497
0,Muré Signature Pinot Noir 2019,13.0,0.75,24.99,33.32,0.39015606242497
0,Casal de Armán Blanco 2021,13.0,0.75,24.99,33.32,0.39015606242497
0,Matua Lands & Legends Pinot Noir 2020,13.0,0.75,24.99,33.32,0.39015606242497
0,Casal de Armán Tinto 2021,13.0,0.75,24.99,33.32,0.39015606242497
0,Nicosia Vulkà 2020,13.0,0.75,24.99,33.32,0.39015606242497
0,Steininger Cabernet Sauvignon Rosé Sekt Brut  2019,13.0,0.75,24.99,33.32,0.39015606242497
0,Château de l'Orangerie Aigle d'Orange 2014,13.0,0.75,24.99,33.32,0.39015606242497
0,Muré Calcaires Jaunes Riesling 2019,13.0,0.75,24.99,33.32,0.39015606242497
0,Open Water Lazy IPA,6.3,0.33,5.33,16.151515151515152,0.3900562851782364
0,Corvezzo Organic Prosecco Rosé Extra Dry 2020,11.5,0.2,5.90,29.5,0.3898305084745763
0,Corvezzo Organic Prosecco Extra Dry,11.5,0.2,5.90,29.5,0.3898305084745763
0,Monte Bernardi Retromarcia Chianti Classico 2021,13.5,0.75,25.98,34.64,0.38972286374133946
0,Faustino I Gran Reserva 2011,13.5,0.75,25.98,34.64,0.38972286374133946
0,Oenops Xinomavraw 2020,13.5,0.75,25.98,34.64,0.38972286374133946
0,Château Puygueraud Blanc 2016,13.5,0.75,25.98,34.64,0.38972286374133946
0,Kotka Steam Bird Porter tölkki,4.7,0.33,3.98,12.06060606060606,0.3896984924623116
0,Te Kano Kin Central Otago Pinot Noir 2020,13.5,0.75,25.99,34.65333333333333,0.38957291265871496
0,Montecillo Limited Edition 2016,13.5,0.75,25.99,34.65333333333333,0.38957291265871496
0,Bel Echo Pinot Noir by Clos Henri 2017,13.5,0.75,25.99,34.65333333333333,0.38957291265871496
0,Substance Pn Pinot Noir 2021,13.5,0.75,25.99,34.65333333333333,0.38957291265871496
0,Araldica Brachetto d'Acqui Dolce,7.0,0.75,13.48,17.973333333333333,0.38946587537091987
0,Mora & Memo é Rosato 2020,11.5,0.75,22.16,29.546666666666667,0.3892148014440433
0,Unison Brewing Luomu Pils,5.0,0.33,4.24,12.848484848484848,0.3891509433962264
0,Philippe de Bourgogne Crème de Cassis de Dijon,20.0,0.35,17.99,51.4,0.38910505836575876
0,Proelio Reserva Vendimia Seleccionada 2016,14.5,0.75,27.95,37.266666666666666,0.389087656529517
0,Laitilan Lakritsi Portteri,5.4,0.33,4.58,13.878787878787879,0.3890829694323144
0,Avgvstvs V 2018,14.0,1.5,53.98,35.986666666666665,0.3890329751759911
0,Seppeltsfield Watervale Riesling 2022,11.9,0.75,22.95,30.599999999999998,0.38888888888888895
0,MO Rot 2020,10.5,0.75,20.25,27.0,0.3888888888888889
0,Michael David Freakshow Zinfandel 2020,15.5,0.75,29.90,39.86666666666667,0.3887959866220736
0,Amager Pearl Hart,12.4,0.75,23.93,31.906666666666666,0.38863351441704974
0,Castello Banfi Rosso di Montalcino 2020,14.5,0.75,27.99,37.32,0.38853161843515543
0,Antologia Barolo 2017,14.5,0.75,27.99,37.32,0.38853161843515543
0,Pesquera Crianza 2019,14.5,0.75,27.99,37.32,0.38853161843515543
0,Ca'n Verdura Supernova Mantonegro 2021,14.5,0.75,27.99,37.32,0.38853161843515543
0,Kendall Jackson Vintners Reserve Zinfandel 2021,14.5,0.75,27.99,37.32,0.38853161843515543
0,Creation Cabernet Merlot Petit Verdot 2016,14.5,0.75,27.99,37.32,0.38853161843515543
0,Nocheluna Sotol,43.0,0.7,77.49,110.7,0.3884372177055104
0,Pasanau La Morera de Montsant 2019,16.5,0.75,31.86,42.48,0.3884180790960452
0,Kimito Maibock,6.0,0.33,5.10,15.454545454545453,0.38823529411764707
0,Sonnisaari Toteemi West Coast IPA,7.0,0.33,5.95,18.03030303030303,0.38823529411764707
0,Borsari Amarone della Valpolicella 2020 lahjapakkaus,15.0,0.75,28.98,38.64,0.38819875776397517
0,Marble American Pilsner tölkki,4.2,0.5,5.41,10.82,0.3881700554528651
0,Kalevala Runoi Rum,38.8,0.5,49.98,99.96,0.3881552621048419
0,Ararat Ani 7 Year Old,40.0,0.5,51.53,103.06,0.38812342324859306
0,Domin & Kušický Tramín Cervený 2019,13.5,0.75,26.09,34.78666666666667,0.3880797240321962
0,Más Que Vinos 5/4 Cinco Cuartos 2021,12.0,0.75,23.20,30.933333333333334,0.3879310344827586
0,Kuninkaantien Vahva Tuorlan Tumma Lager,5.5,0.33,4.68,14.18181818181818,0.3878205128205129
0,Real Agrado Canterabuey Viñedo Singular 2018,15.5,0.75,29.99,39.986666666666665,0.3876292097365789
0,Fiskarsin Changeling Fruited Wild Beer,10.3,0.375,9.97,26.58666666666667,0.38741223671013036
0,Turasan Bogazkere 2019,13.5,0.75,26.14,34.85333333333333,0.38733741392501914
0,Turasan Kalecik Karasi 2019,13.5,0.75,26.14,34.85333333333333,0.38733741392501914
0,Anderson's Pippin Ain’t Easy tölkki,7.5,0.33,6.39,19.363636363636363,0.3873239436619718
0,Wild Beer Zintuki,7.3,0.33,6.22,18.848484848484848,0.38729903536977495
0,Chateau Fuissé Macon-Villages 2020,13.5,0.75,26.15,34.86666666666667,0.38718929254302104
0,Malibu Piña Colada tölkki,5.0,0.25,3.23,12.92,0.38699690402476783
0,Cidre de Rhuys Brut,5.5,0.75,10.66,14.213333333333333,0.38696060037523455
0,Open Water Ålands Cider,7.0,0.33,5.97,18.09090909090909,0.3869346733668342
0,Kaiho Single Estate Organic Vodka,40.2,0.5,51.99,103.98,0.3866128101557992
0,Klados His Queen 2022,12.5,0.75,24.26,32.34666666666667,0.3864385820280296
0,Wicklow Wolf Eden Session IPA tölkki,3.8,0.44,4.33,9.840909090909092,0.38614318706697454
0,Brew By Numbers 421 Imperial Stout Cherry tölkki,12.0,0.25,7.77,31.08,0.3861003861003861
0,Kanavan Tupla-Unto Imperial Porter 2023,10.5,0.33,8.98,27.21212121212121,0.3858574610244989
0,Heidell Barrel Aged Gin,42.0,0.1,10.90,109.0,0.3853211009174312
0,Poças Junior Late Bottled Vintage Port 2015,19.5,0.375,18.98,50.61333333333334,0.3852739726027397
0,Lumo Arctic Red Dry,11.5,0.5,14.93,29.86,0.3851306095110516
0,The BenRiach Smoke Season Single Malt,52.8,0.7,95.98,137.11428571428573,0.3850802250468847
0,Gorghi Tondi Ramisella Nero d'Avola 2019,13.5,0.75,26.31,35.08,0.3848346636259977
0,Gorghi Tondi Meridiano 12 Syrah 2019,13.5,0.75,26.31,35.08,0.3848346636259977
0,Dow's Colheita Single Harvest Tawny Port 2007,20.0,0.75,38.99,51.98666666666667,0.3847140292382662
0,Bowmore 15 Year Old Single Malt,43.0,0.7,78.25,111.78571428571429,0.38466453674121404
0,Mongozo Premium Pilsener,5.0,0.33,4.29,13.0,0.38461538461538464
0,Joseph Scharsch Pinot Gris 2021,14.0,0.75,27.30,36.4,0.38461538461538464
0,Lumo Red Semi-sweet,11.5,0.5,14.95,29.9,0.38461538461538464
0,Helsinki Applejack 2016,43.0,0.5,55.92,111.84,0.3844778254649499
0,Dourakis Zelos Rose 2022,13.0,0.75,25.39,33.85333333333333,0.3840094525403702
0,Nikka Miyagikyo Single Malt,45.5,0.7,82.95,118.50000000000001,0.38396624472573837
0,Nikka Yoichi Single Malt,45.5,0.7,82.95,118.50000000000001,0.38396624472573837
0,Luca Bosio Moscato Rosé Spumante Dolce,7.5,0.75,14.65,19.533333333333335,0.3839590443686007
0,Hiisi Nyrö Local Lager,5.2,0.33,4.47,13.545454545454543,0.3838926174496645
0,Tired Uncle Pacific Uncle West Coast IPA Gluten Free tölkki,6.7,0.33,5.76,17.454545454545453,0.3838541666666667
0,Metté Eau de vie de Framboise,45.0,0.5,58.63,117.26,0.3837625788845301
0,Metté Spiritueuse au Poivre de Sichuan,45.0,0.5,58.63,117.26,0.3837625788845301
0,Malmgård Kuusenkerkkä Gose,5.0,0.33,4.30,13.03030303030303,0.38372093023255816
0,Takatalo & Tompuri Kaski Imperial Stout,8.0,0.33,6.88,20.848484848484848,0.38372093023255816
0,Martin & Anna Arndorfer Handcrafted Riesling  2021,11.0,0.75,21.50,28.666666666666668,0.3837209302325581
0,Renault Carte Noire Extra Old,40.0,0.7,72.99,104.27142857142857,0.3836141937251678
0,Baladin Wayan,5.8,0.33,4.99,15.121212121212121,0.38356713426853706
0,Rooster's Baby Faced Assassin IPA tölkki,6.1,0.33,5.25,15.909090909090908,0.38342857142857145
0,The GlenDronach Port Wood Single Malt,46.0,0.7,83.98,119.97142857142859,0.38342462491069296
0,Tooth & Claw Jellyfish Nebula tölkki,4.6,0.44,5.28,12.0,0.3833333333333333
0,Lio La Crema di Limoncello,22.0,0.2,11.48,57.4,0.3832752613240418
0,To Øl Stereo Mono Strata tölkki,6.0,0.44,6.89,15.659090909090908,0.38316400580551524
0,Cocchi Brut,12.0,0.75,23.49,31.319999999999997,0.3831417624521073
0,Raventos i Blanc Blanc de blancs Brut 2020,12.0,0.75,23.50,31.333333333333332,0.3829787234042553
0,Laurent Vogt Crémant d'Alsace Blanc de Blancs Brut,12.0,0.75,23.50,31.333333333333332,0.3829787234042553
0,Can Sumoi Xarel-lo 2021,12.0,0.75,23.50,31.333333333333332,0.3829787234042553
0,Tornion Hillatus Sour Ale tölkki,5.5,0.33,4.74,14.363636363636363,0.3829113924050633
0,Sierra Milenario Extra Añejo Tequila,41.5,0.7,75.99,108.55714285714285,0.38228714304513756
0,Einstök White Ale,5.2,0.33,4.49,13.606060606060606,0.3821826280623608
0,Verso Sauvignon Blanc 2021,13.5,0.75,26.50,35.333333333333336,0.3820754716981132
0,Mazzei Belgvardo Bronzone Riserva 2019,13.5,0.75,26.50,35.333333333333336,0.3820754716981132
0,Hennessy VSOP,40.0,0.35,36.70,104.85714285714288,0.3814713896457765
0,Glenfarclas 15 Year Old Single Malt,46.0,0.7,84.48,120.6857142857143,0.381155303030303
0,Oban 14 Year Old Single Malt,43.0,0.7,78.99,112.84285714285714,0.3810608937840233
0,Mallassepät Humala Series Rakau Hazy IPA tölkki,5.3,0.33,4.59,13.909090909090908,0.38104575163398696
0,Don Julio Blanco Tequila,38.0,0.7,69.81,99.72857142857144,0.38103423578283907
0,Dugges Candy2,11.5,0.33,9.97,30.21212121212121,0.380641925777332
0,Josetta Saffirio Barbera d'Alba 2020,14.0,0.75,27.59,36.78666666666667,0.38057267125770206
0,Anderson's Atmosfäär IPA tölkki,6.3,0.33,5.47,16.575757575757574,0.380073126142596
0,Sori BLÆNK tölkki,5.2,0.44,6.02,13.681818181818182,0.38006644518272426
0,Kuninkaantien Tuorlan Vehnä,5.4,0.33,4.69,14.212121212121213,0.37995735607675907
0,Pasanau Les Myriams Viognier 2022,14.0,0.75,27.64,36.85333333333333,0.3798842257597685
0,Kakola Lauha Imperial Stout,9.0,0.33,7.82,23.696969696969695,0.3797953964194374
0,Lumo White Semi-Dry,11.5,0.5,15.14,30.28,0.37978863936591806
0,Gori Busseben Sauvignon 2016,13.0,0.75,25.68,34.24,0.3796728971962617
0,Sacravite Basilicata Rosso 2020,13.0,0.375,12.84,34.24,0.3796728971962617
0,8-Bit Brewing Hoptimus Prime IPA,6.2,0.33,5.39,16.333333333333332,0.37959183673469393
0,Tired Uncle Uncle Frank New England IPA tölkki,7.3,0.33,6.35,19.242424242424242,0.3793700787401575
0,Guado al Melo Rute 2020,14.0,0.75,27.68,36.906666666666666,0.3793352601156069
0,United Gypsies Mead & Greet Braggot tölkki,9.0,0.33,7.83,23.727272727272727,0.37931034482758624
0,Château Tour Peyronneau 2018,13.5,0.75,26.70,35.6,0.3792134831460674
0,Damilano Marghe Nebbiolo 2017,14.5,0.75,28.70,38.266666666666666,0.3789198606271777
0,Inama Vin Soave 2022,12.0,0.75,23.77,31.69333333333333,0.37862852334875896
0,Riunite Moscato Dolce,6.0,0.75,11.89,15.853333333333333,0.37846930193439865
0,Glasgow 1770 The Original Single Malt,46.0,0.7,85.08,121.54285714285714,0.37846732487070994
0,Pühaste Seeds Of Seduction DDH Double IPA tölkki,8.0,0.33,6.98,21.151515151515152,0.3782234957020057
0,Nantou Omar Sherry Cask Single Malt,46.0,0.7,85.15,121.64285714285715,0.37815619495008806
0,Unison Brewing Vehnäolut,4.8,0.33,4.19,12.696969696969697,0.3780429594272076
0,Fernand Engel Crémant d'Alsace Blanc de Noir Dosage Zero 2019,12.5,0.75,24.80,33.06666666666667,0.37802419354838707
0,Helsinki Akvavit,41.5,0.05,5.49,109.8,0.377959927140255
0,Ruffino Aqua di Venus Rosé 2021,13.5,0.75,26.79,35.72,0.37793952967525196
0,Marques de Vargas Reserva 2017,14.0,0.75,27.80,37.06666666666667,0.3776978417266187
0,Far Yeast Kagua Blanc,8.0,0.33,6.99,21.18181818181818,0.3776824034334764
0,Põhjala Spelt Incorrectly DDH IPA tölkki,6.0,0.44,6.99,15.886363636363637,0.37768240343347637
0,Uiltje Motueka Mohitos New Zealand IPA tölkki,6.0,0.44,6.99,15.886363636363637,0.37768240343347637
0,Samuel Smith Taddy Porter,5.0,0.355,4.70,13.239436619718312,0.37765957446808507
0,Mosgaard Organic Peated Bourbon Cask Single Malt,49.0,0.5,64.99,129.98,0.3769810740113864
0,Château la Bienveillance Blanc 2022,10.5,0.75,20.90,27.866666666666664,0.3767942583732058
0,Cantina Tramin Goldmuskateller 2020,11.0,0.75,21.90,29.2,0.3767123287671233
0,Filipa Pato 3b Blanc de Blancs Brut Nature 2021,11.0,0.75,21.90,29.2,0.3767123287671233
0,Mallaskoski Rhubarb Sour,5.0,0.33,4.38,13.272727272727272,0.3767123287671233
0,Joseph Mellot Pouilly-Fumé La Forge 2022,12.5,0.75,24.89,33.18666666666667,0.37665729208517473
0,Santo Cuviso Blanco Bacanora,45.0,0.5,59.74,119.48,0.3766320723133579
0,Geyerhof Hofstudien Pinot Blanc 2020,13.0,0.75,25.89,34.52,0.3765932792584009
0,Diane de Belgrave 2015,13.0,0.75,25.89,34.52,0.3765932792584009
0,Antonio Lopes Ribeiro Vinho Tinto,12.0,0.75,23.90,31.866666666666664,0.3765690376569038
0,Château de La Chaize Fleurie 2021,12.5,0.75,24.90,33.199999999999996,0.3765060240963856
0,Graham Beck Blanc de Blancs Méthode Cap Classique Brut 2016,12.5,0.75,24.90,33.199999999999996,0.3765060240963856
0,Calvet Chablis 2020,12.5,0.75,24.90,33.199999999999996,0.3765060240963856
0,Cidre Bouché Le Clos Fleuri,5.0,0.375,4.98,13.280000000000001,0.3765060240963855
0,Coto de Imaz Gran Reserva 2016,14.0,0.75,27.89,37.18666666666667,0.3764790247400502
0,Pietramore Trebbiano Mèthode Ancestrale,12.0,0.75,23.91,31.88,0.3764115432873275
0,Il Falcone Riserva 2017,13.5,0.75,26.90,35.86666666666667,0.3763940520446097
0,Matthias Gaul Asselheim Chardonnay 2020,13.5,0.75,26.90,35.86666666666667,0.3763940520446097
0,M. Chapoutier Les Meysonniers Crozes-Hermitage 2021,13.5,0.75,26.90,35.86666666666667,0.3763940520446097
0,Château Ksara 2018,13.5,0.75,26.90,35.86666666666667,0.3763940520446097
0,Frescobaldi Nipozzano Riserva 2018,13.5,0.75,26.90,35.86666666666667,0.3763940520446097
0,Domaine Tropez Sublime Rosé 2021,12.5,0.75,24.91,33.21333333333333,0.3763548775592132
0,Glenkinchie Distillers Edition 2018 Single Malt,43.0,0.7,79.98,114.25714285714287,0.3763440860215053
0,Signorelli Amarone della Valpolicella 2020,15.0,0.75,29.90,39.86666666666667,0.37625418060200666
0,Villalta Amarone della Valpolicella XIX 2017,15.0,0.75,29.90,39.86666666666667,0.37625418060200666
0,Merlet Chevessac Rosé Pineau des Charentes,17.0,0.5,22.60,45.2,0.37610619469026546
0,White Claw Hard Seltzer Raspberry tölkki,4.5,0.33,3.95,11.969696969696969,0.3759493670886076
0,White Claw Hard Seltzer Mango tölkki,4.5,0.33,3.95,11.969696969696969,0.3759493670886076
0,Codorníu Ars Collecta Blanc de Blancs Reserva Brut 2018,11.5,0.75,22.95,30.599999999999998,0.37581699346405234
0,Schlumberger Rosé Ice Secco,11.5,0.75,22.95,30.599999999999998,0.37581699346405234
0,Eschenhof Holzer Invaders Orange 2020,11.5,0.75,22.95,30.599999999999998,0.37581699346405234
0,Schlumberger Gold Secco,11.5,0.75,22.95,30.599999999999998,0.37581699346405234
0,Schlumberger White Ice Secco,11.5,0.75,22.95,30.599999999999998,0.37581699346405234
0,Dr. Von Bassermann Jordan Riesling Trocken 2021,12.5,0.75,24.95,33.266666666666666,0.375751503006012
0,Open Water Påriktigt Semi-Dry-Cider,6.0,0.33,5.27,15.969696969696967,0.37571157495256174
0,Anderson's American Lager tölkki,5.1,0.33,4.48,13.575757575757576,0.3756696428571428
0,Lapin Riski Amber Lager,6.5,0.33,5.71,17.3030303030303,0.3756567425569177
0,Podere Ruggeri Corsini Armujan Barbera d'Alba Superiore 2020,15.0,0.75,29.95,39.93333333333333,0.3756260434056762
0,Kungfu Girl Riesling 2020,12.0,0.375,11.98,31.94666666666667,0.3756260434056761
0,Fernand Engel Crémant d'Alsace Chardonnay Brut,12.0,0.375,11.98,31.94666666666667,0.3756260434056761
0,Louis Latour Bourgogne Chardonnay 2022,13.0,0.375,12.98,34.61333333333334,0.37557781201848994
0,Kimito Kolme Pukkia Silta IPA,6.1,0.33,5.36,16.242424242424242,0.3755597014925373
0,H & H Sercial 10 Years Old Madeira,20.0,0.375,19.98,53.28,0.37537537537537535
0,Thornbridge Bracia Rich Dark Ale,10.0,0.375,9.99,26.64,0.37537537537537535
0,Aviva Blue Sky,5.5,0.75,10.99,14.653333333333334,0.37534121929026387
0,Aviva Rose,5.5,0.75,10.99,14.653333333333334,0.37534121929026387
0,Aviva Gold,5.5,0.75,10.99,14.653333333333334,0.37534121929026387
0,Strauch Brut,11.5,0.75,22.98,30.64,0.37532637075718017
0,Bernard-Massard Millésimé Crémant de Luxembourg Brut 2018,12.0,0.75,23.98,31.973333333333333,0.37531276063386154
0,Meyer-Fonne Cremant d'Alsace Extra Brut,12.0,0.75,23.98,31.973333333333333,0.37531276063386154
0,Heinrich Blaufränkisch 2018,12.0,0.75,23.98,31.973333333333333,0.37531276063386154
0,Briords Cuvée Vieilles Vignes Muscadet Sèvre et Maine sur lie 2020,12.0,0.75,23.98,31.973333333333333,0.37531276063386154
0,Muré Crémant d’Alsace Brut,12.5,0.75,24.98,33.306666666666665,0.37530024019215374
0,Yarrabank Late Disgorged Brut Nature 2010,12.5,0.75,24.98,33.306666666666665,0.37530024019215374
0,Louis Jadot Couvent des Jacobins Chardonnay 2022,13.0,0.75,25.98,34.64,0.37528868360277134
0,Chateau Léoube Rosé 2019,13.0,0.75,25.98,34.64,0.37528868360277134
0,Artemis Karamolegos Terra Nera White 2020,13.0,0.75,25.98,34.64,0.37528868360277134
0,St. Michael-Eppan Fallwind Riesling 2022,13.5,0.75,26.98,35.973333333333336,0.3752779836916234
0,Michele Chiarlo Le Orme Barbera d'Asti 2020,13.5,0.75,26.98,35.973333333333336,0.3752779836916234
0,Steininger Reserve Steinhaus Riesling 2021,13.5,0.75,26.98,35.973333333333336,0.3752779836916234
0,Arancione Originale Amarone della Valpolicella 2019,14.5,0.75,28.98,38.64,0.3752587991718426
0,Chateau Puybarbe 2018,15.0,0.75,29.98,39.973333333333336,0.3752501667778519
0,Dr. H. Thanisch Riesling Kabinett Trocken 2021,10.0,0.75,19.99,26.653333333333332,0.3751875937968985
0,Noita Space Echo 2019,10.0,0.75,19.99,26.653333333333332,0.3751875937968985
0,Gut Hermannsberg Weisser Burgunder 2021,11.5,0.75,22.99,30.653333333333332,0.37516311439756417
0,Gut Hermannsberg Just Riesling 2022,11.5,0.75,22.99,30.653333333333332,0.37516311439756417
0,Casa Silva Lago Ranco Riesling 2017,11.5,0.75,22.99,30.653333333333332,0.37516311439756417
0,Gianni Gagliardo Fallegro 2021,12.5,0.75,24.99,33.32,0.3751500600240096
0,Franck Millet Pouilly-Fumé 2022,12.5,0.75,24.99,33.32,0.3751500600240096
0,Redoma Branco 2022,12.5,0.75,24.99,33.32,0.3751500600240096
0,La Roteuse de Landra Rosé Brut Nature 2019,12.5,0.75,24.99,33.32,0.3751500600240096
0,Domdechant Werner Hochheimer Domdechaney Riesling Erste Lage 2021,12.5,0.75,24.99,33.32,0.3751500600240096
0,Oenops Vidiano 2019,12.5,0.75,24.99,33.32,0.3751500600240096
0,Joseph Mellot Sancerre La Chatellenie 2022,12.5,0.75,24.99,33.32,0.3751500600240096
0,Cuvage Nebbiolo d'Alba Millesimato Rosé Brut 2017,12.5,0.75,24.99,33.32,0.3751500600240096
0,Loimer Manhart 2020,12.5,0.75,24.99,33.32,0.3751500600240096
0,Gruhier & Delaunay Grand Calcaire Petit Chablis 2020,12.5,0.75,24.99,33.32,0.3751500600240096
0,Naberauli Khvanchkara Semi-sweet Red 2020,12.5,0.75,24.99,33.32,0.3751500600240096
0,Azul y Garanza Naturaleza Salvaje Blanco  2021,12.5,0.75,24.99,33.32,0.3751500600240096
0,Bouchard La Vignée Chardonnay 2020,12.5,0.75,24.99,33.32,0.3751500600240096
0,Domaine Loew Pinot Gris Cormier 2018,13.5,0.75,26.99,35.986666666666665,0.37513894034827716
0,Château de la Pierre Régnié Vin Nature Sans Soufre Ajouté 2019,13.5,0.75,26.99,35.986666666666665,0.37513894034827716
0,Marques de Arienzo Gran Reserva 2009,14.0,0.75,27.99,37.32,0.37513397642015006
0,G.D Vajra Langhe Nebbiolo 2021,14.0,0.75,27.99,37.32,0.37513397642015006
0,Vietti Roero Arneis 2021,14.0,0.75,27.99,37.32,0.37513397642015006
0,Beronia Gran Reserva 2016,14.0,0.75,27.99,37.32,0.37513397642015006
0,Torbreck Woodcutter's Shiraz 2020,15.0,0.75,29.99,39.986666666666665,0.3751250416805602
0,Amarone Armigero 2020,15.0,0.75,29.99,39.986666666666665,0.3751250416805602
0,Allegrini Palazzo della Torre 2019,13.5,0.75,27.00,36.0,0.375
0,Brill PalinKaland Szölö Palinka,40.0,0.5,53.34,106.68,0.3749531308586426
0,Ninki Umeshu,18.0,0.5,24.01,48.02,0.3748438150770512
0,Lammin Sahti,7.5,0.5,10.01,20.02,0.37462537462537465
0,Jura Seven Wood Single Malt,42.0,0.7,78.50,112.14285714285715,0.37452229299363055
0,Charles Joguet Les Petites Roches Cabernet Franc 2018,14.0,0.75,28.04,37.38666666666666,0.37446504992867335
0,Panyolai Silvorius Likör,34.0,0.5,45.40,90.8,0.3744493392070485
0,Helen & Joey Layla Pinot Noir 2019,13.5,0.75,27.05,36.06666666666667,0.3743068391866913
0,Sella & Mosca Terre Rare Riserva 2015,13.0,0.75,26.06,34.74666666666666,0.37413660782808905
0,Mallaskoski Currant Cooler,4.5,0.33,3.97,12.030303030303031,0.37405541561712846
0,Mallaskoski Lingonberry Cooler,4.5,0.33,3.97,12.030303030303031,0.37405541561712846
0,Husky Imperial Stout,9.6,0.33,8.47,25.666666666666668,0.374025974025974
0,Mallaskuun Peltopyy Pils,5.2,0.33,4.59,13.909090909090908,0.37385620915032686
0,Kakola Atelier 40 India Pale Lager,5.2,0.33,4.59,13.909090909090908,0.37385620915032686
0,Brill Körte Palinka,40.0,0.5,53.51,107.02,0.373761913660998
0,Brill Cseresznye Palinka,40.0,0.5,53.51,107.02,0.373761913660998
0,Manz Dona Fátima Jampal 2018,13.0,0.75,26.10,34.800000000000004,0.37356321839080453
0,Domaine La Croix Des Marchands Douceur D'Automne Gaillac 2019,12.5,0.375,12.55,33.46666666666667,0.37350597609561753
0,La Soufrandise Pouilly-Fuissé Vieilles Vignes,13.5,0.75,27.11,36.14666666666667,0.3734784212467724
0,Rémy Martin 1738 Accord Royal,40.0,0.7,74.98,107.11428571428573,0.3734329154441184
0,Connemara Peated 12 Year Old Single Malt,40.0,0.7,74.98,107.11428571428573,0.3734329154441184
0,Clos La Rose 2011,13.5,0.75,27.12,36.160000000000004,0.3733407079646017
0,Cucco Barolo Serralunga d'Alba 2018,15.0,0.75,30.14,40.18666666666667,0.3732581287325813
0,Kuninkaantien Tuorlan Taival American Lager,5.3,0.33,4.69,14.212121212121213,0.37292110874200424
0,Mallassepät Humala Series Mosaic & Sabro Hazy IPA tölkki,5.3,0.33,4.69,14.212121212121213,0.37292110874200424
0,Château Saint-Maur l'Excellence Cru Classé 2020,13.5,0.75,27.16,36.21333333333333,0.37279086892488955
0,Ojuel Carrasojuela Viñedo Singular 2019,12.5,0.75,25.15,33.53333333333333,0.37276341948310143
0,Gustavshof Orange Trocken 2020,12.0,0.75,24.15,32.199999999999996,0.3726708074534162
0,Takehara Junmai True Mirror Sake,14.9,0.72,28.79,39.986111111111114,0.37262938520319555
0,Bushmills Causeway Collection Banyuls Cask Single Malt,53.2,0.7,99.99,142.84285714285716,0.3724372437243724
0,Massaya Blanc 2018,13.0,0.75,26.18,34.906666666666666,0.37242169595110775
0,Helsinki Puolukka-Gin Likööri,26.0,0.5,34.92,69.84,0.37227949599083615
0,Banfi Fonte Alla Selva Chianti Classico Gran Selezione 2014,13.5,0.75,27.20,36.266666666666666,0.37224264705882354
0,Glenmorangie Quinta Ruban 14 Year Old Single Malt,46.0,0.7,86.51,123.5857142857143,0.37221130505143907
0,Brunehaut Saison Organic,4.5,0.33,3.99,12.090909090909092,0.3721804511278195
0,The Norfolk Rye 9 Year Old Single Grain,51.4,0.5,69.17,138.34,0.3715483591152233
0,Olutpaja Bassosoolo Hazy Pale Ale,5.0,0.5,6.73,13.46,0.3714710252600297
0,Porto Gran Cruz Vintage 2011,19.5,0.75,39.39,52.52,0.3712871287128713
0,Antech Émotion Crémant de Limoux Brut 2020,12.0,0.75,24.24,32.32,0.3712871287128713
0,Hardy Fine Champagne XO,40.0,0.7,75.49,107.84285714285714,0.3709100543118294
0,The GlenDronach Cask Strength Batch 11 Single Malt,59.8,0.7,112.99,161.4142857142857,0.37047526329763697
0,Ora d'Ora,11.5,0.75,23.30,31.066666666666666,0.3701716738197425
0,Teerenpeli Kulo 7 Year Old Single Malt,50.7,0.5,68.49,136.98,0.37012702584318885
0,Tornion Pienet Helles tölkki,4.5,0.44,5.35,12.159090909090908,0.3700934579439253
0,Jean-Marc Bernhard Cremant d'Alsace Brut,12.0,0.75,24.34,32.45333333333333,0.3697617091207888
0,Frieden-Berg Elbling Nittel 2021,12.0,0.75,24.34,32.45333333333333,0.3697617091207888
0,Pago de Tharsys Millésime Rosé Reserva Cava Brut 2019,12.0,0.75,24.37,32.49333333333333,0.3693065244152647
0,Jamek Jochinger Riesling Federspiel 2019,12.5,0.75,25.39,33.85333333333333,0.3692398582118945
0,Hedönist Hoppy Ending American Lager 2021 tölkki,5.2,0.33,4.65,14.090909090909092,0.3690322580645161
0,Movia Gredic 2018,12.0,0.75,24.40,32.53333333333333,0.36885245901639346
0,Voyager Estate Chardonnay 2018,13.5,0.75,27.47,36.626666666666665,0.36858390971969424
0,Brooklyn The Stonewall Inn IPA,4.6,0.33,4.12,12.484848484848484,0.36844660194174755
0,Trimbach Pinot Gris Réserve 2017,14.0,0.75,28.50,38.0,0.3684210526315789
0,Chateau Des Laurets 2016,14.5,0.75,29.53,39.373333333333335,0.36826955638333897
0,La Noblaie Chante de Vent 2020,13.5,0.75,27.50,36.666666666666664,0.3681818181818182
0,Kriechel Ahr Spätburgunder B 2021,13.5,0.75,27.50,36.666666666666664,0.3681818181818182
0,Michael David Freakshow Chardonnay 2020,13.5,0.75,27.50,36.666666666666664,0.3681818181818182
0,Le Vaglie Verdicchio dei Castelli di Jesi Classico 2021,13.0,0.75,26.50,35.333333333333336,0.36792452830188677
0,Galipette Rosé,4.0,0.33,3.59,10.878787878787877,0.3676880222841226
0,Haapala Usvainen uitto,5.4,0.33,4.85,14.696969696969695,0.3674226804123712
0,Reverdito Barolo 2018,14.5,0.75,29.60,39.46666666666667,0.36739864864864863
0,Tuju Murder Blend #2 2022,8.0,0.75,16.34,21.786666666666665,0.36719706242350064
0,Tuju Murder Blend #3 2022,8.0,0.75,16.34,21.786666666666665,0.36719706242350064
0,Tuju Zappa Ja Hai DDH IPA tölkki,6.0,0.44,7.19,16.34090909090909,0.3671766342141864
0,Enrico Serafino Tovasacco Nebbiolo d'Alba 2017,14.0,0.75,28.60,38.13333333333333,0.36713286713286714
0,Laavu Cabernet Franc 2021,14.0,0.75,28.60,38.13333333333333,0.36713286713286714
0,Anarchy The Great Elmyra Barley Wine tölkki,10.0,0.33,8.99,27.242424242424242,0.3670745272525028
0,Chandon Garden Spritz,11.5,0.75,23.50,31.333333333333332,0.3670212765957447
0,Mikkeller Træblod Imperial Stout with Maple & Coffee tölkki,12.0,0.473,15.47,32.706131078224104,0.36690368455074335
0,Jean Loron Bourgogne Aligoté Montvallon 2021,12.0,0.75,24.53,32.70666666666667,0.36689767631471665
0,Sonnisaari Aina Lager 5,5.0,0.33,4.50,13.636363636363635,0.3666666666666667
0,Mallassepät Naantalin Eeppinen IPA,5.0,0.33,4.50,13.636363636363635,0.3666666666666667
0,Sori Mosaic Pils tölkki,5.0,0.44,6.00,13.636363636363637,0.36666666666666664
0,Poderi Colla Nebbiolo d'Alba 2018,14.0,0.75,28.64,38.18666666666667,0.36662011173184356
0,Weninger Rózsa Petsovits,12.0,0.75,24.55,32.733333333333334,0.3665987780040733
0,El Bobal de Estenas 2021,13.0,0.75,26.63,35.50666666666667,0.3661284265865565
0,Humalove Harmony Hopburst India Pale Ale,7.2,0.33,6.49,19.666666666666668,0.36610169491525424
0,Paula Achrénin Puutarha Luotsi 2019,6.5,0.33,5.86,17.757575757575758,0.3660409556313993
0,Paula Achrénin Puutarha Pläkä 2020,6.5,0.33,5.86,17.757575757575758,0.3660409556313993
0,Lacryma Christi Del Vesuvio Rosso 2018,13.0,0.375,13.32,35.52,0.36599099099099097
0,Saltkis Suolakaramelli Shotti muovipullo,18.0,0.05,2.46,49.199999999999996,0.3658536585365854
0,Martha’s 10 Years Old Tawny Port,19.5,0.75,39.98,53.306666666666665,0.365807903951976
0,La Chasse des Princes Châteauneuf-du-Pape 2021,15.5,0.75,31.79,42.38666666666666,0.3656810317709972
0,Noi Vignaioli Barolo 2015,14.5,0.75,29.74,39.65333333333333,0.36566913248150645
0,Teerenpeli Barrel Aged No3 Barley Wine,11.0,0.33,9.93,30.09090909090909,0.36555891238670696
0,White Tropez 2021,13.0,0.75,26.69,35.586666666666666,0.3653053578119146
0,Kullervo Tumma Ruissahti,7.5,1.3,26.69,20.53076923076923,0.3653053578119146
0,M. Chapoutier Bila-Haut Banyuls 2021,16.0,0.5,21.90,43.8,0.36529680365296807
0,Kuninkaantien Tuorlan Kaura,5.2,0.33,4.70,14.242424242424242,0.36510638297872344
0,Mallassepät Southwest Coast IPA tölkki,5.2,0.33,4.70,14.242424242424242,0.36510638297872344
0,Mallassepät Löyly tölkki,5.2,0.33,4.70,14.242424242424242,0.36510638297872344
0,Campbells Rutherglen Muscat,17.5,0.375,17.98,47.946666666666665,0.3649888765294772
0,Kalleske Moppa Shiraz 2020,14.5,0.75,29.80,39.733333333333334,0.3649328859060403
0,Passato Organic Barbaresco 2020,14.5,0.75,29.80,39.733333333333334,0.3649328859060403
0,Joseph Drouhin Laforêt Bourgogne Chardonnay 2021,12.5,0.75,25.70,34.266666666666666,0.36478599221789887
0,Helsinki Whiskey Rye Malt Rum Cask Finish,47.5,0.5,65.19,130.38,0.3643196809326584
0,Sartori Amarone della Valpolicella 2017,15.0,0.75,30.88,41.17333333333333,0.3643134715025907
0,Rejiji Hanging Hill Cabernet Sauvignon 2016,13.5,0.75,27.80,37.06666666666667,0.36420863309352514
0,Joseph Scharsch Gewurztraminer 2021,13.5,0.75,27.80,37.06666666666667,0.36420863309352514
0,Common People Barbera 2020,15.0,0.75,30.91,41.21333333333333,0.3639598835328373
0,Tokaj-Hétszölö Dry Furmint 2019,13.0,0.75,26.80,35.733333333333334,0.3638059701492537
0,Laugar Non Return Bordeaux Barrel Aged,11.0,0.33,9.98,30.242424242424242,0.3637274549098196
0,Laugar Hellstar,11.0,0.33,9.98,30.242424242424242,0.3637274549098196
0,Campillo Reserva Colección 2017,14.5,0.75,29.90,39.86666666666667,0.3637123745819398
0,Casasmith Cervo Northridge Vineyard Barbera 2019,14.5,0.75,29.90,39.86666666666667,0.3637123745819398
0,Domaine la Boutiniere Tradition Rouge Chateauneuf du Pape 2020,14.5,0.75,29.90,39.86666666666667,0.3637123745819398
0,Mauro Veglio Angelo Nebbiolo 2020,14.5,0.75,29.90,39.86666666666667,0.3637123745819398
0,Churchill's Grafite Grande Reserva 2015,14.5,0.75,29.90,39.86666666666667,0.3637123745819398
0,Alessandro Rivetto Leonilde Barbera d'Alba 2019,14.5,0.75,29.90,39.86666666666667,0.3637123745819398
0,Veronese Beatrice Dogaressa Valpolicella Ripasso 2020,14.5,0.75,29.90,39.86666666666667,0.3637123745819398
0,Domaine des Bosquets Séguret 2021,14.5,0.75,29.90,39.86666666666667,0.3637123745819398
0,Joseph Scharsch Pinot Noir Les Petits Grains 2020,14.5,0.75,29.90,39.86666666666667,0.3637123745819398
0,Ferraton Crozes Hermitage Calendes 2019,14.5,0.75,29.90,39.86666666666667,0.3637123745819398
0,Hugel Classic Riesling 2021,12.5,0.375,12.89,34.373333333333335,0.36365399534522885
0,Sybille Kuntz Riesling Trocken 2021,12.5,0.75,25.78,34.373333333333335,0.36365399534522885
0,Los Tres Toños Añejo Tequila,38.0,0.5,52.25,104.5,0.36363636363636365
0,Drty White Citrus Hard Seltzer tölkki,4.0,0.33,3.63,11.0,0.36363636363636365
0,Drty Mango Passion tölkki,4.0,0.33,3.63,11.0,0.36363636363636365
0,Teerenpeli Kaski Single Malt,43.0,0.5,59.14,118.28,0.3635441325667907
0,Jean Loron Rift 71 Sans Soufre Ajouté 2020,13.0,0.75,26.82,35.76,0.3635346756152125
0,Grieskirchner Radler,2.1,0.5,2.89,5.78,0.3633217993079585
0,Fiskarsin Pilvipouta Grisette tölkki,3.5,0.33,3.18,9.636363636363637,0.3632075471698113
0,Markus Molitor Haus Klosterberg Riesling 2021,11.5,0.75,23.75,31.666666666666668,0.36315789473684207
0,Viñas del Jaro Jaros 2018,14.5,0.75,29.95,39.93333333333333,0.36310517529215364
0,Prantner Rajnai Rizling 2022,12.5,0.75,25.82,34.42666666666667,0.36309062742060416
0,Kyrö Malt muovipullo,47.2,0.05,6.50,130.0,0.3630769230769231
0,Ardbeg Uigeadail Single Malt,54.2,0.7,104.50,149.2857142857143,0.36306220095693775
0,Alexander Gysler Pet Nat 2022,12.0,0.75,24.80,33.06666666666667,0.36290322580645157
0,Poliziano Vino Nobile di Montepulciano 2020 lahjapakkaus,14.5,0.75,29.97,39.96,0.36286286286286284
0,Mallaskuun Extra Special Bitter,5.2,0.33,4.73,14.333333333333334,0.3627906976744186
0,Comando G La Bruja de Rozas 2020,14.5,0.75,29.98,39.973333333333336,0.36274182788525683
0,Vergelegen DNA 2015,14.5,0.75,29.98,39.973333333333336,0.36274182788525683
0,Mendel Cabernet Franc 2020,14.5,0.75,29.98,39.973333333333336,0.36274182788525683
0,KWV The Mentors Pinotage 2021,14.5,0.75,29.98,39.973333333333336,0.36274182788525683
0,Pinot Noir 11/X 2016,14.5,0.75,29.98,39.973333333333336,0.36274182788525683
0,Ca di Pian Barbera d'Asti 2020,14.5,0.75,29.98,39.973333333333336,0.36274182788525683
0,Penfolds Max's Shiraz 2021,14.5,0.75,29.98,39.973333333333336,0.36274182788525683
0,Montebruna Barbera d'Asti 2018,14.5,0.75,29.98,39.973333333333336,0.36274182788525683
0,Mendel Malbec 2020,14.5,0.75,29.98,39.973333333333336,0.36274182788525683
0,Black Stallion Chardonnay 2021,14.5,0.75,29.98,39.973333333333336,0.36274182788525683
0,Valdifalco Loacker Lodolaia Syrah 2021,14.5,0.75,29.98,39.973333333333336,0.36274182788525683
0,Purcari Freedom Blend 2020,14.0,0.75,28.95,38.6,0.3626943005181347
0,Black Stallion Cabernet Sauvignon 2020,14.5,0.75,29.99,39.986666666666665,0.36262087362454154
0,Chateau Maucoil 1895 Vieilles Vignes 2021,14.5,0.75,29.99,39.986666666666665,0.36262087362454154
0,Muratie Ansela van de Caab 2018,14.5,0.75,29.99,39.986666666666665,0.36262087362454154
0,Kir-Yianni Ramnista 2018,14.5,0.75,29.99,39.986666666666665,0.36262087362454154
0,Dominio del Soto Crianza 2016,14.5,0.75,29.99,39.986666666666665,0.36262087362454154
0,Quid Pro Quo Reserva Tinto 2018,14.5,0.75,29.99,39.986666666666665,0.36262087362454154
0,J. Hofstätter Meczan 2022,13.0,0.75,26.90,35.86666666666667,0.362453531598513
0,Wijnkasteel Genoels Elderen Chardonnay Blauw Kiezelingenbos 2019,13.0,0.75,26.90,35.86666666666667,0.362453531598513
0,Casa de Mouraz Encruzado 2019,13.0,0.75,26.90,35.86666666666667,0.362453531598513
0,Vallein Tercinier XO Roots,44.0,0.7,84.99,121.41428571428571,0.3623955759501118
0,Brinkhall Normanni tölkki,4.5,0.33,4.10,12.424242424242422,0.36219512195121956
0,Conde Valdemar Gran Reserva 2015,14.0,0.75,28.99,38.65333333333333,0.36219385995170755
0,Vigneti del Vulture Piano del Cerro 2019,14.0,0.75,28.99,38.65333333333333,0.36219385995170755
0,Volpaia Chianti Classico 2021,13.5,0.375,13.98,37.28,0.36212446351931327
0,Leyda Lot 4 Sauvignon Blanc 2021,12.5,0.75,25.89,34.52,0.362108922363847
0,Minuty Prestige Rosé 2022,12.5,0.75,25.89,34.52,0.362108922363847
0,Georg Müller Stiftung Schützenhaus Riesling Trocken Erste Lage 2019,12.5,0.75,25.89,34.52,0.362108922363847
0,Hannes Reeh Rohstoff Zweigelt 2020,14.0,0.75,29.00,38.666666666666664,0.3620689655172414
0,Wente Riva Ranch Chardonnay 2019,13.5,0.375,13.99,37.306666666666665,0.3618656182987849
0,Fiskarsin Floridus Flanders Red,7.7,0.375,7.98,21.28,0.3618421052631579
0,Château de Montfaucon Comtesse Madeleine Blanc 2021,13.5,0.75,27.99,37.32,0.3617363344051447
0,Beatrice Et Pascal Lambert Chinon Le Droit Chenin 2022,13.5,0.75,27.99,37.32,0.3617363344051447
0,Kendall Jackson Vintner's Reserve Chardonnay 2020,13.5,0.75,27.99,37.32,0.3617363344051447
0,Louis M. Martini Sonoma County Cabernet Sauvignon 2018,13.5,0.75,27.99,37.32,0.3617363344051447
0,Dingle Batch 6 Single Malt,46.5,0.7,89.99,128.55714285714285,0.3617068563173686
0,Mosgaard Organic Pedro Ximenez Cask Single Malt,47.0,0.5,64.98,129.96,0.3616497383810403
0,Mosgaard Organic Oloroso Cask Single Malt,47.0,0.5,64.98,129.96,0.3616497383810403
0,Brill Szilva Palinka,40.0,0.5,55.32,110.64,0.3615328994938539
0,Schloss Johannisberger Gelblack Riesling Trocken 2020,12.5,0.75,25.94,34.586666666666666,0.36141094834232845
0,Boulard XO Calvados,40.0,0.7,77.48,110.6857142857143,0.36138358286009287
0,Louis Jadot Bourgogne Côte d'Or 2020,13.0,0.75,26.98,35.973333333333336,0.3613787991104522
0,Croci Valtolla Rosso,13.0,0.75,26.98,35.973333333333336,0.3613787991104522
0,Wasem Ingelheimen Burgberg  Spätburgunder 2019,13.0,0.75,26.98,35.973333333333336,0.3613787991104522
0,Henri Bourgeois Sancerre Les Baronnes Rouge 2016,13.0,0.75,26.98,35.973333333333336,0.3613787991104522
0,Pflüger Tradition Pinot Noir 2021,13.0,0.75,26.98,35.973333333333336,0.3613787991104522
0,Domaine Loew Riesling Muschelkalck 2020,13.0,0.75,26.99,35.986666666666665,0.3612449055205632
0,Naoussa Boutari Grande Reserve 2016,13.0,0.75,26.99,35.986666666666665,0.3612449055205632
0,Amelie & Charles Sparr Pinot Blanc Pensée 2020,13.0,0.75,27.00,36.0,0.3611111111111111
0,Oslo Blood Orange IPA tölkki,7.1,0.33,6.49,19.666666666666668,0.36101694915254234
0,Carl Loewen Alte Reben Riesling Trocken 2020,11.5,0.75,23.90,31.866666666666664,0.36087866108786615
0,Weszeli Steingarten Grüner Veltliner 2021,12.5,0.75,25.98,34.64,0.3608545034642032
0,Oenops Limniona 2019,12.5,0.75,25.98,34.64,0.3608545034642032
0,J. Moreau & Fils Chablis 2022,12.5,0.75,25.98,34.64,0.3608545034642032
0,Bouchard Hautes-Côtes de Beaune 2021,12.5,0.75,25.98,34.64,0.3608545034642032
0,Château Maucamps 2006,12.5,0.75,25.98,34.64,0.3608545034642032
0,Zarate Albariño 2021,12.5,0.75,25.98,34.64,0.3608545034642032
0,Hakutsuru Superior Junmai Ginjo Sake,14.5,0.72,28.94,40.19444444444445,0.3607463718037318
0,La Chablisienne Chablis Le Finage 2021,12.0,0.75,24.95,33.266666666666666,0.36072144288577157
0,Steintal Buntsandstein Spätburgunder 2018,12.5,0.75,25.99,34.65333333333333,0.3607156598691805
0,Dreissigacker Vintages Riesling,12.5,0.75,25.99,34.65333333333333,0.3607156598691805
0,J de Villebois Quincy 2022,12.5,0.75,25.99,34.65333333333333,0.3607156598691805
0,Zenato Lugana Metodo Classico Brut 2019,12.5,0.75,25.99,34.65333333333333,0.3607156598691805
0,Zorz Sivi Pinot 2018,13.0,0.75,27.03,36.04,0.3607103218645949
0,Mallassepät Distorted Experiment Candy Sour tölkki,6.0,0.33,5.49,16.636363636363637,0.36065573770491804
0,Azores Wine Vulcânico Branco 2018,12.5,0.75,26.00,34.666666666666664,0.36057692307692313
0,Penfolds Father Grand Tawny,18.5,0.75,38.48,51.306666666666665,0.3605769230769231
0,Kimito Mosaic Vienna,5.6,0.33,5.13,15.545454545454545,0.36023391812865496
0,Alta Alella Aus Pet Nat 2021,12.0,0.75,24.99,33.32,0.36014405762304924
0,Niepoort Lagar de Baixo Baga 2019,12.0,0.75,24.99,33.32,0.36014405762304924
0,Alexander Gysler Pinot Brut,12.0,0.75,24.99,33.32,0.36014405762304924
0,Alta Alella Aus Orange 2022,12.0,0.75,24.99,33.32,0.36014405762304924
0,Jansz Premium Cuvée Brut,12.0,0.75,24.99,33.32,0.36014405762304924
0,Domaine Rolet Crémant du Jura Blanc Brut,12.0,0.75,24.99,33.32,0.36014405762304924
0,Sparici Landini Amarone della Valpolicella Classico 2019,15.0,0.75,31.24,41.65333333333333,0.36011523687580027
0,Bernard-Massard Cremant de Luxemburg 1921 Brut Magnum,12.0,1.5,49.99,33.32666666666667,0.36007201440288056
0,Edmond Briottet Liquer de Basilic,18.0,0.5,25.00,50.0,0.36
0,Apis Bio Sfera,13.0,0.75,27.10,36.13333333333333,0.35977859778597787
0,Schloss Wackerbarth Bacchus trocken 2022,11.5,0.75,23.99,31.986666666666665,0.3595248020008337
0,Anno Domini 47 Prosecco Rosé Extra Dry 2020,11.0,0.75,22.95,30.599999999999998,0.35947712418300654
0,Can Sumoi La Rosa 2021,11.0,0.75,22.95,30.599999999999998,0.35947712418300654
0,Anno Domini 47 Prosecco Extra Dry 2020,11.0,0.75,22.95,30.599999999999998,0.35947712418300654
0,Valamo Luostariviski,40.0,0.5,55.65,111.3,0.35938903863432164
0,Lepola Medium Dry Apple Cider,6.5,0.33,5.97,18.09090909090909,0.3592964824120603
0,1906 Reserva Especial Helles Bock tölkki,6.5,0.33,5.97,18.09090909090909,0.3592964824120603
0,Antica Formula,16.5,1.0,45.98,45.98,0.35885167464114837
0,Del Professore Aperitivo,15.0,0.7,29.26,41.800000000000004,0.3588516746411483
0,Gancia Brachetto d'Acqui Dolce,6.5,0.75,13.59,18.12,0.358719646799117
0,Stone's Ginger Joe Pear,4.0,0.33,3.68,11.151515151515152,0.358695652173913
0,Stone's Ginger Joe,4.0,0.33,3.68,11.151515151515152,0.358695652173913
0,Turasan Ökuzgözu 2019,12.5,0.75,26.14,34.85333333333333,0.358645753634277
0,Helsinki Pioneer Corn Release #23,43.0,0.5,59.95,119.9,0.3586321934945788
0,Domaine Zind-Humbrecht Pinot Gris 2022,12.0,0.75,25.10,33.46666666666667,0.3585657370517928
0,Mallaskoski Medusa Rum Barrel Aged Spiced Barley Wine,11.9,0.75,24.90,33.199999999999996,0.3584337349397591
0,The Glenrothes 2001 Single Malt,43.0,0.7,83.98,119.97142857142859,0.3584186711121695
0,Verhaeghe Vichte Duchesse de Bourgogne,6.2,0.75,12.98,17.30666666666667,0.35824345146379044
0,Michel Rolland Mariflor Pinot Noir 2019,14.5,0.75,30.36,40.48,0.358201581027668
0,Rochefort 6,7.5,0.33,6.91,20.939393939393938,0.35817655571635315
0,Manousakis Nostos Assyrtiko 2019,15.0,0.75,31.41,41.88,0.3581661891117478
0,Kimito Tropical Thunder Jenkki Lager,5.6,0.33,5.16,15.636363636363637,0.3581395348837209
0,Martin & Anna Arndorfer Handcrafted Grüner Veltliner 2022,12.0,0.75,25.13,33.50666666666667,0.3581376840429765
0,Noita Hex Bag 2020,12.0,0.75,25.15,33.53333333333333,0.35785288270377735
0,Olarin Runaway Neipa tölkki,7.1,0.44,8.73,19.840909090909093,0.3578465063001145
0,Glenmorangie 12 Year Old Palo Cortado Finish Single Malt,46.0,0.7,89.99,128.55714285714285,0.35781753528169796
0,Glenmorangie Nectar D'or Single Malt,46.0,0.7,89.99,128.55714285714285,0.35781753528169796
0,Tiefenbrunner Turmhof Cabernet Sauvignon 2018,13.5,0.75,28.33,37.77333333333333,0.35739498764560534
0,Rutherford Hill Chardonnay 2014,14.5,0.75,30.43,40.57333333333333,0.35737758790667107
0,Sonnisaari Humalaja IPA,6.7,0.33,6.19,18.757575757575758,0.35718901453957996
0,Lindemans Tarot Noir,8.0,0.25,5.60,22.4,0.35714285714285715
0,Baileys Chocolat Luxe,15.7,0.5,21.99,43.98,0.3569804456571169
0,Kuninkaantien Tuorlan Savukaura,5.3,0.33,4.90,14.84848484848485,0.35693877551020403
0,Il Monte Caro Valpolicella 2021,12.5,0.75,26.27,35.026666666666664,0.3568709554625048
0,Armonia Brio Pop 2018,12.5,0.75,26.27,35.026666666666664,0.3568709554625048
0,La Luolle La Coulée Douce Pinot Noir 2019,13.5,0.75,28.40,37.86666666666667,0.35651408450704225
0,Ardbeg BizarreBQ Single Malt,50.9,0.7,99.96,142.8,0.3564425770308123
0,Noita Riesling 2020,9.5,0.75,19.99,26.653333333333332,0.35642821410705355
0,Plantation Fiji Islands Single Cask Rum 2001,45.8,0.7,89.98,128.54285714285714,0.35630140031118024
0,Fernet-Branca 3-pack,39.0,0.06,6.57,109.50000000000001,0.3561643835616438
0,Fernet-Branca,39.0,0.02,2.19,109.5,0.3561643835616438
0,Früli Strawberry Beer,4.1,0.33,3.80,11.515151515151514,0.3560526315789474
0,Epic Citralush NEIPA tölkki,7.0,0.355,6.98,19.661971830985916,0.3560171919770774
0,Moretti Omero Montefalco Rosso 2015,14.0,0.75,29.50,39.333333333333336,0.3559322033898305
0,Etko Everytime We Touch Double NEIPA tölkki,8.0,0.44,9.89,22.47727272727273,0.35591506572295245
0,Château de Maligny Petit Chablis 2022,12.5,0.75,26.35,35.13333333333333,0.3557874762808349
0,Salama Neon Shadow Session NEIPA tölkki,3.5,0.44,4.33,9.840909090909092,0.3556581986143187
0,United Gypsies Nutty Kuti Honey Lager,7.5,0.33,6.96,21.09090909090909,0.3556034482758621
0,Château Lamarsalle 2019,14.0,0.75,29.53,39.373333333333335,0.35557060616322383
0,Inama Carmenere Più 2020,14.0,0.75,29.53,39.373333333333335,0.35557060616322383
0,Theophile Milan Haru Rosé 2022,13.5,0.75,28.50,38.0,0.35526315789473684
0,Eschenhof Holzer Raw Rosè,12.0,0.5,16.90,33.8,0.3550295857988166
0,Vigneto San Vito Posca Rossa,13.5,0.75,28.55,38.06666666666667,0.3546409807355516
0,Helsinki Whiskey Rye Malt Islay Whisky Finish Release #18,47.5,0.5,66.98,133.96,0.35458345774858163
0,Nadal Hainaut Cuvée Marie Chardonnay 2020,13.0,0.75,27.50,36.666666666666664,0.35454545454545455
0,Kavalan Port Cask Finish Concertmaster Single Malt,40.5,0.7,79.98,114.25714285714287,0.35446361590397596
0,Pühaste Silver Series Saeculum Whisky BA Imperial Porter,14.5,0.33,13.50,40.90909090909091,0.35444444444444445
0,Arctic Blue Oat lahjapakkaus,17.0,0.5,23.99,47.98,0.35431429762401
0,Damilano Arneis 2021,13.5,0.375,14.30,38.13333333333333,0.354020979020979
0,Belgian Owl Identite Single Malt,46.0,0.5,64.99,129.98,0.35390060009232194
0,Cocchi Americano Bianco,16.5,0.75,34.98,46.63999999999999,0.3537735849056604
0,Zanchi Antichi Cloni Ciliegiolo Bio 2019,13.0,0.75,27.59,36.78666666666667,0.353388909025009
0,Knauss Pure Red 2018,11.0,0.75,23.35,31.133333333333336,0.35331905781584577
0,Kakola Atelier 35 Hazelnut & Orange Imperial Stout,9.6,0.33,8.97,27.181818181818183,0.35317725752508355
0,Tetramythos Roditis Nature 2020,12.0,0.75,25.49,33.986666666666665,0.35307963907414674
0,Massimo Rivetti Avene Langhe Nebbiolo 2020,13.5,0.75,28.68,38.24,0.35303347280334724
0,Braastad XO,40.0,3.0,339.99,113.33,0.352951557398747
0,Quinta Varzea da Pedra Tinto Reserva 2019,14.0,0.75,29.80,39.733333333333334,0.3523489932885906
0,Dourakis Lihnos Vidiano 2021,14.0,0.75,29.80,39.733333333333334,0.3523489932885906
0,Teeling Whiskey Single Cask Aquavit,46.0,0.7,91.40,130.57142857142858,0.35229759299781177
0,Smirnoff Ice Double Black,4.7,0.275,3.67,13.345454545454544,0.35217983651226165
0,Sansilvestro Barolo Patres 2018,14.5,0.75,30.88,41.17333333333333,0.352169689119171
0,Cafaggio Chianti Classico Riserva 2018,14.5,0.75,30.88,41.17333333333333,0.352169689119171
0,Zenato Ripassa Valpolicella Superiore Magnum 2018,14.0,1.5,59.65,39.766666666666666,0.3520536462699078
0,Mas Goma La Planta Brut Nature,11.5,0.75,24.50,32.666666666666664,0.3520408163265306
0,Ferrari Organic Brut,12.5,0.75,26.64,35.52,0.3519144144144144
0,Terredora di Paolo Fatica Contadina Taurasi 2015 lahjapakkaus,13.5,0.75,28.78,38.373333333333335,0.35180681028492006
0,Chez Jau Rivesaltes Grenat 2010,15.5,0.5,22.03,44.06,0.35179300953245574
0,Ca' Vendri Amarone della Valpolicella 2019,15.0,0.75,32.00,42.666666666666664,0.3515625
0,Malfy Gin & Tonica Rosa,7.0,0.25,4.98,19.92,0.3514056224899598
0,David Sterza Valpolicella Ripasso Classico Superiore 2020,14.0,0.75,29.89,39.85333333333333,0.351288056206089
0,Massolino Langhe Nebbiolo 2021,14.0,0.75,29.90,39.86666666666667,0.3511705685618729
0,Joseph Drouhin Pouilly-Vinzelles 2019,13.0,0.375,13.89,37.04,0.3509719222462203
0,Kalleske Greenock Shiraz 2021,14.5,0.75,30.99,41.32,0.35091965150048404
0,Lindemans Tarot d’Or,8.0,0.25,5.70,22.8,0.3508771929824561
0,Berneroy 20 Ans Calvados,40.0,0.35,39.90,114.0,0.3508771929824561
0,Nardini Grappa Riserva 7 anni,45.0,0.7,89.81,128.3,0.3507404520654715
0,Ardbeg Corryvreckan Single Malt,57.1,0.7,113.99,162.84285714285716,0.3506447934029301
0,Kilchoman 100% Islay 12th Edition Single Malt,50.0,0.7,99.85,142.64285714285714,0.35052578868302453
0,Brill Barack Palinka,40.0,0.5,57.06,114.12,0.35050823694356814
0,Renacer Milamore 2019,14.0,0.375,14.98,39.946666666666665,0.35046728971962615
0,Crystal Head Pride Vodka,40.0,0.7,79.90,114.14285714285715,0.3504380475594493
0,Ornellaia Le Volte 2021,13.5,0.75,28.90,38.53333333333333,0.3503460207612457
0,Kuentz-Bas L'Etoile Trois Châteaux 2019,13.5,0.75,28.90,38.53333333333333,0.3503460207612457
0,Mylläri Pils tölkki,5.0,0.44,6.28,14.272727272727273,0.3503184713375796
0,Discarded Sweet Cascara Vermouth,21.0,0.5,29.98,59.96,0.35023348899266177
0,Tempus Two Lighten Up Pinot Noir 2020,7.0,0.75,14.99,19.986666666666668,0.35023348899266177
0,Henri Bourgeois Sancerre Les Baronnes Blanc 2021,14.0,0.375,14.99,39.973333333333336,0.35023348899266177
0,Chateau Musar Hochar 2018,14.0,0.75,29.98,39.973333333333336,0.35023348899266177
0,Creation Pinot Noir 2017,14.0,0.75,29.98,39.973333333333336,0.35023348899266177
0,William Hill Napa Valley Chardonnay 2017,14.0,0.75,29.98,39.973333333333336,0.35023348899266177
0,Hush Wines Hawke's Bay Syrah 2020,14.0,0.75,29.98,39.973333333333336,0.35023348899266177
0,Ricossa Barolo 2018 lahjapakkaus,14.0,0.75,29.99,39.986666666666665,0.35011670556852287
0,Borgogno Langhe Nebbiolo 2021,14.0,0.75,29.99,39.986666666666665,0.35011670556852287
0,Château Puygueraud Rouge 2014,14.0,0.75,29.99,39.986666666666665,0.35011670556852287
0,Coyam 2020,14.0,0.75,29.99,39.986666666666665,0.35011670556852287
0,Pizzolato Il Barbarossa Malanotte 2018,14.0,0.75,29.99,39.986666666666665,0.35011670556852287
0,Port Charlotte Islay Barley Single Malt 2014,50.0,0.7,99.98,142.82857142857145,0.3500700140028005
0,Chivas Regal 18 Years Old,40.0,0.7,79.99,114.27142857142857,0.35004375546943367
0,Coquerel Pomme d'Eve,40.0,0.7,79.99,114.27142857142857,0.35004375546943367
0,Glenfiddich 15 Year Old Single Malt,40.0,0.7,79.99,114.27142857142857,0.35004375546943367
0,The Macallan Triple Cask 12 Year Old Single Malt,40.0,0.7,79.99,114.27142857142857,0.35004375546943367
0,The Dalmore 12 Year Old Single Malt,40.0,0.7,79.99,114.27142857142857,0.35004375546943367
0,The Balvenie DoubleWood 12 Year Old Single Malt,40.0,0.7,79.99,114.27142857142857,0.35004375546943367
0,Pöhjala Õunaraks tölkki,4.2,0.33,3.96,12.0,0.35000000000000003
0,Paolo Cali Manene 2019,13.5,0.75,28.95,38.6,0.349740932642487
0,Ca'Nova San Quirico 2008,13.5,0.75,28.95,38.6,0.349740932642487
0,Vérizet Viré-Clessé Quintaine 2021,13.0,0.75,27.89,37.18666666666667,0.3495876658300466
0,Conterno Fantino Vignota Barbera d'Alba 2019,14.5,0.75,31.12,41.49333333333333,0.3494537275064267
0,Tenuta delle Terre Nere Etna Rosso 2021,13.5,0.75,28.98,38.64,0.34937888198757766
0,Farnito Camponibbio 2015,13.5,0.75,28.98,38.64,0.34937888198757766
0,Philipp Kuhn Pinot Noir Laumersheimer Réserve 2017,13.5,0.75,28.98,38.64,0.34937888198757766
0,Baron de Ley Gran Reserva 2016,13.5,0.75,28.98,38.64,0.34937888198757766
0,Mazzei Fonterutoli Chianti Classico 2020,13.5,0.75,28.99,38.65333333333333,0.34925836495343227
0,Jackson-Triggs Grand Reserve Chardonnay 2019,13.5,0.75,28.99,38.65333333333333,0.34925836495343227
0,Steininger Grüner Veltliner Brut 2018,13.5,0.75,28.99,38.65333333333333,0.34925836495343227
0,Domaine Ricardelle de Lautrec Pet Nat Pètillant Naturel 2022,11.5,0.75,24.70,32.93333333333333,0.34919028340080976
0,Scarpa Verduno Pelaverga 2021,13.5,0.75,29.00,38.666666666666664,0.34913793103448276
0,Lepola Cucumber Apple Cider,5.5,0.33,5.20,15.757575757575758,0.3490384615384615
0,Stadin New England IPA,5.5,0.33,5.20,15.757575757575758,0.3490384615384615
0,Ararat Akhtamar 10 Year Old,40.0,0.5,57.33,114.66,0.3488574917146346
0,Domaine Les Hautes Noëlles Voulez-Vous Gamay Avec Moi? 2021,12.0,0.75,25.80,34.4,0.3488372093023256
0,Yamada Nishiki Sake,14.5,0.3,12.47,41.56666666666667,0.34883720930232553
0,Marenco Asti Dolce,6.5,0.75,13.98,18.64,0.3487124463519313
0,St Germain,20.0,0.7,40.17,57.38571428571429,0.3485187951207368
0,Joseph Scharsch Crémant d'Alsace Brut 2021,12.5,0.75,26.90,35.86666666666667,0.34851301115241634
0,Wijnkasteel Genoels-Elderen Zwarte Parel Brut 2018,12.5,0.75,26.90,35.86666666666667,0.34851301115241634
0,Joseph Scharsch Muscat 2022,12.5,0.75,26.90,35.86666666666667,0.34851301115241634
0,Domaine Franck Millet Sancerre 2022,12.5,0.75,26.90,35.86666666666667,0.34851301115241634
0,L'alba al Turó Rosat,11.5,0.75,24.75,33.0,0.3484848484848485
0,Villa Sparina Del Commune di Gavi 2022,13.0,0.375,13.99,37.306666666666665,0.34846318799142245
0,Pascal Bouchard Chablis le Classique 2022,13.0,0.75,27.99,37.32,0.3483386923901393
0,Birgit Braunstein Chardonnay Felsenstein 2019,13.0,0.75,27.99,37.32,0.3483386923901393
0,Avgvstvs Chardonnay 2022,13.0,0.75,27.99,37.32,0.3483386923901393
0,Domaine la Toupie Sur 1 Fil Sec 2018,15.0,0.75,32.32,43.093333333333334,0.34808168316831684
0,Selbach-Oster Riesling Kabinett 2020,10.5,0.75,22.64,30.186666666666667,0.34783568904593637
0,Barth Riesling Brut,12.0,0.75,25.89,34.52,0.34762456546929316
0,Sattlerhof Eichberg Muskateller 2021,12.5,0.75,26.98,35.973333333333336,0.34747961452928094
0,Jean-Marie Reverdy Sancerre La Villaudière 2022,12.5,0.75,26.98,35.973333333333336,0.34747961452928094
0,Iso-Kallan Karviais Gose,5.0,0.33,4.75,14.393939393939393,0.3473684210526316
0,Cognac Park Mizunara Aged 10 Years,44.0,0.7,88.73,126.75714285714287,0.3471204778541643
0,Mongarda Valdobbiadene Prosecco Superiore Brut 2022,11.0,0.75,23.77,31.69333333333333,0.34707614640302903
0,Brick Brut,4.5,0.33,4.28,12.96969696969697,0.3469626168224299
0,Põhjala Baltic Porter Day 2022 BA 2022,10.5,0.33,9.99,30.272727272727273,0.34684684684684686
0,Uiltje Flippity Hop Flop NEIPA tölkki,5.5,0.44,6.98,15.863636363636365,0.3467048710601719
0,Emilio Moro 2020,14.0,0.75,30.30,40.4,0.34653465346534656
0,Château de Montifaud Premium L10 VSOP,40.0,0.7,80.81,115.44285714285715,0.34649177082044297
0,Bründlmayer Riesling Steinmassel 2021,12.0,0.75,25.98,34.64,0.3464203233256351
0,Laroche Chablis L 2022,12.0,0.75,25.98,34.64,0.3464203233256351
0,Magoutes Vielles Vignes Blanco 2021,12.0,0.75,25.98,34.64,0.3464203233256351
0,Il Monte Caro Il Biondo 2020,12.0,0.75,25.99,34.65333333333333,0.34628703347441325
0,Els Vinyerons Lluerna 2019,12.0,0.75,25.99,34.65333333333333,0.34628703347441325
0,Manousakis Nostos Muscat of Spina 2020,14.5,0.75,31.41,41.88,0.3462273161413562
0,To Øl Berry Barrage tölkki,5.2,0.44,6.61,15.022727272727273,0.34614220877458396
0,Birgit Braunstein Pinot Vom Sonnenberg 2017,13.0,0.75,28.18,37.57333333333333,0.34599006387508874
0,Bock's Apple Cider,4.6,0.33,4.39,13.303030303030301,0.3457858769931663
0,Duration x Verdant Pression IPA tölkki,6.2,0.44,7.89,17.93181818181818,0.34575411913814963
0,Piccini Valiano 6.38 Chianti Classico Gran Selezione 2011,14.0,1.5,60.76,40.50666666666667,0.3456221198156682
0,Agustí Torelló Mata Gran Reserva Cava Brut Nature 2017,11.5,0.75,24.96,33.28,0.3455528846153846
0,Nik Weis St. Urbanshof Schiefer Riesling Magnum 2018,11.5,1.5,49.95,33.300000000000004,0.3453453453453453
0,Tommyknocker Off Leash Juicy IPA tölkki,6.3,0.355,6.48,18.253521126760564,0.3451388888888889
0,Alta Alella Aus Pét-Nat Rosé 2021,11.5,0.75,24.99,33.32,0.34513805522208885
0,Jaume Serra Gran Reserva Chardonnay Cava Brut Nature 2018,11.5,0.75,24.99,33.32,0.34513805522208885
0,4 Kilos The Island Syndicate 2019,11.5,0.75,24.99,33.32,0.34513805522208885
0,Ökonomierat Rebholz Riesling trocken 2018,11.5,0.75,24.99,33.32,0.34513805522208885
0,Nittnaus Zorra 2021,11.5,0.75,24.99,33.32,0.34513805522208885
0,Ausonia Machaon Abruzzo Pecorino 2021,13.5,0.75,29.34,39.12,0.3450920245398773
0,Williams Ginger Ale,3.5,0.5,5.08,10.16,0.34448818897637795
0,Koli Olut Belgian Ale,8.6,0.33,8.24,24.96969696969697,0.34441747572815534
0,Panyolai Aranyalma,38.0,0.5,55.17,110.34,0.3443900670654341
0,Matervi Anonimo,12.5,0.75,27.23,36.306666666666665,0.34428938670583914
0,Tierras de Armenia Karas White Blend 2020,13.5,0.75,29.48,39.306666666666665,0.34345318860244234
0,Kamiki Blended Malt,48.0,0.5,69.89,139.78,0.3433967663471169
0,Domaine Loew Muscat Les Marnes Vertes 2020,13.5,0.75,29.50,39.333333333333336,0.3432203389830508
0,Amarula Marula Fruit Cream muovipullo,17.0,0.05,2.48,49.599999999999994,0.342741935483871
0,Strauch Róse Brut,10.5,0.75,22.98,30.64,0.3426892950391645
0,Schmelzer Bicolor,12.0,0.75,26.27,35.026666666666664,0.34259611724400457
0,Choya Extra Years Umeshu,17.0,0.7,34.74,49.62857142857143,0.3425446171560161
0,Mallassepät Salted Liquorice Blackcurrant Sour tölkki,5.3,0.33,5.11,15.484848484848484,0.34227005870841487
0,NES Passito di Pantelleria 2019,14.5,0.375,15.89,42.373333333333335,0.342196349905601
0,Théophile Milan Reynard Rebels 2022,13.0,0.75,28.50,38.0,0.34210526315789475
0,Gorghi Tondi Meridiano 12 Zibibbo 2021,12.0,0.75,26.31,35.08,0.34207525655644244
0,Gorghi Tondi Coste a Preola Grillo 2021,12.0,0.75,26.31,35.08,0.34207525655644244
0,Verrocchio Amarone della Valpolicella Classico 2018 lahjapakkaus,15.0,0.75,32.90,43.86666666666667,0.34194528875379937
0,Teeling Single Cask VYS Pinot Noir Single Malt,58.1,0.7,118.95,169.92857142857144,0.3419083648591845
0,Rodenbach Red Tripel,8.2,0.75,17.99,23.986666666666665,0.34185658699277377
0,Seven Island & Eighteenth Street Asphodelus tölkki,7.5,0.44,9.66,21.954545454545453,0.34161490683229817
0,Ramirana Trinidad Vineyard 2015,14.0,0.75,30.74,40.986666666666665,0.3415744957709825
0,Château Margüi Rosé 2021,13.0,0.75,28.56,38.08,0.34138655462184875
0,Tired Uncle The Golden Uncle New England IPA tölkki,6.0,0.33,5.80,17.575757575757574,0.3413793103448276
0,Casalforte Amarone della Valpolicella 2018,15.0,0.75,32.98,43.97333333333333,0.34111582777440874
0,Petra Unger Ried Hinters Kirchl  Reserve Riesling 2020,13.5,0.75,29.69,39.586666666666666,0.34102391377568203
0,Castelmondo Amarone della Valpolicella 2019,15.0,0.75,32.99,43.98666666666667,0.34101242800848736
0,Clos Joanne D'Orion Pouilly-Fumé 2021,12.5,0.75,27.50,36.666666666666664,0.34090909090909094
0,Jean-Paul Brun Beaujolais L'Ancien Terres Dorées 2022,13.0,0.75,28.60,38.13333333333333,0.34090909090909094
0,Can Axartell Corum 2019,12.5,0.75,27.50,36.666666666666664,0.34090909090909094
0,Cocchi Extra Dry Vermouth di Torino,17.0,0.5,24.98,49.96,0.34027221777421934
0,Five Farms Cream Liqueur keraaminen pullo,17.0,0.7,34.98,49.97142857142857,0.34019439679817043
0,Dezzani Barolo San Carlo 2016,14.5,0.75,31.98,42.64,0.3400562851782364
0,El Esteco Fincas Notables Cabernet Franc 2020,14.5,0.75,31.98,42.64,0.3400562851782364
0,Verla XO,38.0,0.5,55.91,111.82,0.3398318726524772
0,Chit-Chat Chenin 2020,14.0,0.75,30.91,41.21333333333333,0.3396958912973148
0,Cocchi Rosé Brut,12.0,0.75,26.50,35.333333333333336,0.33962264150943394
0,Lyrarakis Minimus 2018,9.5,0.375,10.49,27.973333333333333,0.3396091515729266
0,KWV The Mentors Grenache Blanc 2017,14.0,0.75,30.95,41.266666666666666,0.33925686591276255
0,KWV The Mentors Petit Verdot 2018,14.0,0.75,30.95,41.266666666666666,0.33925686591276255
0,Louna Rose-siideri,5.5,0.33,5.35,16.21212121212121,0.33925233644859815
0,Epic Space Debris IPA tölkki,6.2,0.355,6.49,18.281690140845072,0.33913713405238827
0,Château Teyssier 2018,14.5,0.75,32.07,42.76,0.3391019644527596
0,Djuce Mehling Riesling 2022 tölkki,11.5,0.25,8.48,33.92,0.33903301886792453
0,Scrimaglio Barbaresco 2020,14.0,0.75,30.99,41.32,0.3388189738625363
0,Olarra Gran Reserva 2015,13.5,0.75,29.89,39.85333333333333,0.33874205419872866
0,Terre d'Eclat Crozes-Hermitage 2020,13.5,0.75,29.90,39.86666666666667,0.338628762541806
0,E. Guigal Crozes-Hermitage 2020,13.5,0.75,29.90,39.86666666666667,0.338628762541806
0,Boffa Na Mira 2020,13.5,0.75,29.90,39.86666666666667,0.338628762541806
0,Château de Castres 2016,13.5,0.75,29.90,39.86666666666667,0.338628762541806
0,Raul Perez Ultreia Godello 2021,13.5,0.75,29.90,39.86666666666667,0.338628762541806
0,La Noblaie Les Chiens Chiens 2020,13.5,0.75,29.90,39.86666666666667,0.338628762541806
0,Domaine Perriere Sancerre 2022,13.5,0.75,29.90,39.86666666666667,0.338628762541806
0,Domaine Figeat Pouilly-Fumé XXL 2022,13.5,0.75,29.90,39.86666666666667,0.338628762541806
0,Moillard Maranges Mosaïque 2019,13.5,0.75,29.90,39.86666666666667,0.338628762541806
0,Big Sky Te Muna Road Pinot Noir 2019,14.5,0.75,32.12,42.82666666666666,0.338574097135741
0,Bodegas Protos'27 Tinto 2020,14.0,0.75,31.04,41.38666666666666,0.3382731958762887
0,Lumo White Sweet,10.5,0.5,15.52,31.04,0.3382731958762887
0,The Macallan Sherry Oak 12 Years Old Single Malt,40.0,0.7,82.78,118.25714285714287,0.33824595312877503
0,The Dalmore 12 Year Old Sherry Cask Select Single Malt,43.0,0.7,88.99,127.12857142857143,0.33824025171367567
0,Château Beaumont 2020,13.5,0.75,29.94,39.92,0.3381763527054108
0,Brill Afonyas Gyümölcs Palinka,38.0,0.47,52.82,112.38297872340426,0.33812949640287765
0,Szigeti Rouge de Noirs Sekt Extra Dry,13.5,0.75,29.95,39.93333333333333,0.33806343906510855
0,Frieden-Berg Sauvignon Blanc Nittel 2021,12.0,0.75,26.63,35.50666666666667,0.3379647014645137
0,Manousakis Nostos Pink 2021,13.5,0.75,29.97,39.96,0.33783783783783783
0,Aveleda Parcela do Roseiral 2020,13.5,0.75,29.98,39.973333333333336,0.3377251501000667
0,Avondale Cyclus 2017,13.5,0.75,29.98,39.973333333333336,0.3377251501000667
0,Cune Gran Reserva 2012,13.5,0.75,29.98,39.973333333333336,0.3377251501000667
0,Poggio le Volpi Roma Edizione Limitata 2016,13.5,0.75,29.98,39.973333333333336,0.3377251501000667
0,Quinta do Ataíde Vinha do Arco Touriga Nacional 2016,13.5,0.75,29.98,39.973333333333336,0.3377251501000667
0,Jaboulet Crozes Hermitage Les Jalets 2020,13.5,0.75,29.98,39.973333333333336,0.3377251501000667
0,Clos Henri Sauvignon Blanc 2015,13.5,0.75,29.98,39.973333333333336,0.3377251501000667
0,Jopen Many-Faced Got,10.5,0.33,10.26,31.09090909090909,0.33771929824561403
0,Williams Orange Ginger tölkki,3.4,0.44,4.43,10.068181818181818,0.33769751693002253
0,LAN Viña Lanciano Reserva  2017,13.5,0.75,29.99,39.986666666666665,0.3376125375125042
0,Banfi Chianti Classico Riserva 2017,13.5,0.75,29.99,39.986666666666665,0.3376125375125042
0,Greywacke Wild Sauvignon 2020,13.5,0.75,29.99,39.986666666666665,0.3376125375125042
0,Joseph Scharsch GW Pétillant Naturel,13.5,0.75,29.99,39.986666666666665,0.3376125375125042
0,Jean-Baptiste Adam Riesling Grand Cru Kaefferkopf 2017,13.0,0.375,14.44,38.50666666666667,0.33760387811634346
0,Il Mio Sauvignon Frizzante 2020,13.5,0.75,30.00,40.0,0.3375
0,Mathern Niederhäuser Hermannshöhle Riesling trocken 2019,13.0,0.75,28.89,38.52,0.33748701973001033
0,Krasna Hora Pinot Noir 2019,12.5,0.75,27.78,37.04,0.33747300215982723
0,Wieninger Ried Herrenholz Grüner Veltliner 2021,13.0,0.75,28.90,38.53333333333333,0.3373702422145329
0,Terre Nere Etna Rosato 2021,13.0,0.75,28.90,38.53333333333333,0.3373702422145329
0,Salcheto Riserva Nobile di Montepulciano 2019,14.5,0.75,32.24,42.98666666666667,0.3373138957816377
0,Domaine des Genets Vacqueyras 2019,13.5,0.75,30.03,40.04,0.3371628371628372
0,Domaine des Billards Saint Amour 2021,13.0,0.75,28.92,38.56,0.3371369294605809
0,Compass Box Hedonism Blended Grain,43.0,0.7,89.31,127.5857142857143,0.3370283282947038
0,FJ Regnery Klüsserather Bruderschaft Bestes Fuder Trocken Pinot Noir 2020,13.0,0.75,28.95,38.6,0.33678756476683935
0,Kilchoman 100% Islay 13th Edition Single Malt,50.0,0.7,103.98,148.54285714285714,0.3366031929217157
0,Domaine Allimant-Laugner Gewurztraminer 2020,13.5,0.75,30.08,40.10666666666666,0.3366023936170213
0,Louis Jadot Couvent des Jacobins Pinot Noir 2022,13.0,0.75,28.98,38.64,0.3364389233954451
0,Pfaff Pinot Gris Grand Cru Steinert 2014,13.0,0.75,28.99,38.65333333333333,0.336322869955157
0,Fratelli Pardi Montefalco Rosso 2019,14.5,0.375,16.18,43.14666666666667,0.3360630407911001
0,Pieropan Calvarino 2021,12.5,0.75,27.90,37.199999999999996,0.3360215053763441
0,Van Zellers & Co 10 Years Old Tawny Port,20.0,0.75,44.64,59.52,0.33602150537634407
0,Dona Berta Reserva Tinto 2016,13.5,0.75,30.16,40.21333333333333,0.33570954907161804
0,Domaine du Clos des Aumônes Vouvray Brut,13.5,0.75,30.17,40.22666666666667,0.33559827643354323
0,Podere Ruggeri Corsini Lolly Chardonnay 2021,14.0,0.75,31.30,41.733333333333334,0.33546325878594246
0,Josmeyer Pinot Blanc Mise du Printemps 2022,12.5,0.75,27.95,37.266666666666666,0.3354203935599285
0,Pirske Appelsiini,4.0,0.275,3.28,11.927272727272726,0.3353658536585366
0,Pirske Vadelma,4.0,0.275,3.28,11.927272727272726,0.3353658536585366
0,Pirske Lime,4.0,0.275,3.28,11.927272727272726,0.3353658536585366
0,Bouvet Saphir Saumur Vintage Brut,12.5,0.375,13.98,37.28,0.33530042918454933
0,Tenuta Iuzzolini Donna Giovanna 2019,14.0,0.75,31.32,41.76,0.33524904214559387
0,Kühling-Gillot Oppenheim Riesling Trocken 2021,12.5,0.75,27.98,37.306666666666665,0.3350607576840601
0,Louis Jadot Bourgogne Chardonnay Couvent des Jacobins 2022,13.0,0.375,14.55,38.800000000000004,0.33505154639175255
0,Pühaste Silver Series Shadow Whisperer Bourbon BA Imperial Stout 14 %,14.0,0.33,13.79,41.78787878787878,0.33502538071065996
0,Louis Jadot Bouzeron 2021,12.5,0.75,27.99,37.32,0.334941050375134
0,Les Équilibristes Volute 2020,12.5,0.75,27.99,37.32,0.334941050375134
0,Gut Hermannsberg Vom Vulkan 2018,12.5,0.75,27.99,37.32,0.334941050375134
0,Nadal Salvatge Rosé Brut 2018,12.5,0.75,27.99,37.32,0.334941050375134
0,Barons de Rothschild Réserve Spéciale 2015,12.5,0.75,27.99,37.32,0.334941050375134
0,Planeta Etna Bianco 2020,12.5,0.75,27.99,37.32,0.334941050375134
0,Gut Hermannsberg Vom Schiefer 2018,12.5,0.75,27.99,37.32,0.334941050375134
0,Bodegas Áster Crianza 2019,14.5,0.75,32.48,43.306666666666665,0.3348214285714286
0,Lepola Mead Apple & Honey Cyser,10.0,0.5,14.94,29.88,0.33467202141900937
0,Estate Argyros Santorini Assyrtiko 2021,14.5,0.75,32.50,43.333333333333336,0.3346153846153846
0,Raventós i Blanc de Nit Brut 2018,12.0,0.75,26.90,35.86666666666667,0.3345724907063197
0,Domaine Laroche Chablis Saint Martin 2022,12.0,0.75,26.90,35.86666666666667,0.3345724907063197
0,Brew By Numbers 85 Triple IPA Mosaic Sabro tölkki,10.0,0.25,7.49,29.96,0.33377837116154874
0,Prantner Mosoly Cuvée 2020,14.5,0.75,32.60,43.46666666666667,0.3335889570552147
0,Cesari Bosan Ripasso Superiore 2018,14.0,0.75,31.50,42.0,0.3333333333333333
0,Brew By Numbers 19 Summer Solero Gose tölkki,5.5,0.44,7.26,16.5,0.3333333333333333
0,Ägräs Malt VYS Single Barrel,53.3,0.5,79.98,159.96,0.3332083020755188
0,Raja Riesling 2016,11.5,0.75,25.90,34.53333333333333,0.333011583011583
0,Helsinki Whiskey Rye Malt Release #22,53.2,0.5,79.91,159.82,0.3328744837942686
0,CoolHead Double Fruited Candy Sour Tiger Dreams tölkki,6.0,0.33,5.95,18.03030303030303,0.33277310924369746
0,Nunzi Conti Chianti Classico 2019,13.5,0.75,30.43,40.57333333333333,0.332730857706211
0,Duttenberg Riesling 2021,13.0,0.75,29.31,39.08,0.3326509723643808
0,Tanca Farrá 2017,13.0,0.75,29.31,39.08,0.3326509723643808
0,Domaine Lou Fréjau Châteauneuf-du-Pape 2020,14.5,0.75,32.70,43.6,0.33256880733944955
0,La Marea Grenache  2018,13.6,0.75,30.70,40.93333333333333,0.33224755700325737
0,Haapala Korpikuusen Kuiskaus,5.2,0.33,5.17,15.666666666666666,0.3319148936170213
0,Hven Tycho's Star,41.8,0.5,62.97,125.94,0.33190408130855964
0,Mas Gomà La Volta Brut Nature,11.5,0.75,25.99,34.65333333333333,0.33185840707964603
0,Els Vinyerons Pregadeu Cava Brut Nature 2019,11.5,0.75,25.99,34.65333333333333,0.33185840707964603
0,Claude Baron Saphir Champagne Brut,12.0,0.75,27.12,36.160000000000004,0.331858407079646
0,Gorghi Tondi Gilletto Grillo 2019,12.0,0.75,27.13,36.17333333333333,0.3317360855141909
0,Bodega Garzon Single Vineyard Tannat 2018,14.5,0.75,32.79,43.72,0.33165599268069534
0,Chateau Fuissé Julienas 2019,14.5,0.75,32.80,43.73333333333333,0.33155487804878053
0,Elisabeth XO Organic Fine Cognac,40.0,0.7,84.50,120.71428571428572,0.3313609467455621
0,Baladin Isaac,5.0,0.33,4.98,15.090909090909092,0.33132530120481923
0,Sonnisaari Mulkero Porter,5.5,0.33,5.48,16.606060606060606,0.3312043795620438
0,Woodlands Wilyabrup Valley Chardonnay 2021,13.0,0.75,29.45,39.266666666666666,0.3310696095076401
0,Hiisi Köyry West Coast Session IPA,3.5,0.33,3.49,10.575757575757576,0.330945558739255
0,Juvé y Camps Gran Reserva Cava Brut Nature 2018,12.0,0.75,27.20,36.266666666666666,0.33088235294117646
0,Chateau de Montifaud Reserve Speciale Catherine Vallet,40.0,0.5,60.45,120.9,0.3308519437551695
0,Casa Marin Litoral Syrah 2013,12.0,0.75,27.21,36.28,0.33076074972436603
0,Ausonia Apollo Trebbiano d'Abruzzo 2021,12.5,0.75,28.35,37.800000000000004,0.33068783068783064
0,Põhjala Lindheim The Cherry Of My Eye BA Imperial Sour Ale,10.0,0.33,9.98,30.242424242424242,0.3306613226452906
0,Hiisi Itse BA Gooseberry Sour,6.0,0.33,5.99,18.151515151515152,0.330550918196995
0,Lucente 2021,14.5,0.75,32.90,43.86666666666667,0.3305471124620061
0,Isola Augusta VinoVivo,13.0,0.75,29.50,39.333333333333336,0.3305084745762712
0,Husky Stout,6.9,0.33,6.89,20.878787878787875,0.330478955007257
0,Dugges Rum & Cola Barrel Aged Fruit & Spice Sour,7.0,0.33,6.99,21.18181818181818,0.33047210300429186
0,Omnipollo In Plenty Almond Coffee Imperial Stout,12.0,0.33,11.99,36.333333333333336,0.33027522935779813
0,Domaine de Chassipol Mâcon Chardonnay 2021,13.0,0.75,29.53,39.373333333333335,0.33017270572299356
0,Château Beaumont 2013,13.0,0.75,29.53,39.373333333333335,0.33017270572299356
0,Vale D. Maria Vinhas Do Sabor 2021,13.0,0.75,29.53,39.373333333333335,0.33017270572299356
0,Noita Nouveau 2021,11.0,0.75,24.99,33.32,0.33013205282112845
0,Rockmill Galactic Brotherhood BBA Imperial Stout,11.0,0.5,16.66,33.32,0.33013205282112845
0,Loimer Pet Nat Trocken 2021,11.0,0.75,24.99,33.32,0.33013205282112845
0,Pirkka Barolo Riserva 2016,14.5,0.75,32.95,43.93333333333334,0.33004552352048555
0,Zhu Ye Qing Jiu,38.0,0.5,57.58,115.16,0.32997568600208405
0,Prantner Cabernet Sauvignon 2020,15.5,0.75,35.26,47.01333333333333,0.32969370391378333
0,Coma Vella 2017,14.5,0.75,32.99,43.98666666666667,0.32964534707487114
0,Yalumba Hand Picked Shiraz Viognier 2016,14.5,0.75,32.99,43.98666666666667,0.32964534707487114
0,Dictador Icon Reserve Colombian Rum Aged 20 Years,40.0,0.7,84.99,121.41428571428571,0.32945052359101074
0,Laphroaig Lore Single Malt,48.0,0.7,101.99,145.7,0.3294440631434455
0,Kanavan Toivo Red Ale,5.5,0.33,5.51,16.696969696969695,0.32940108892921965
0,Alessandro Rivetto Albori Nascetta 2020,13.0,0.75,29.60,39.46666666666667,0.3293918918918919
0,Junmai Ginjo Tatsumigura,15.0,0.3,13.67,45.56666666666667,0.32918800292611555
0,Casa Emma Vignalparco Chianti Classico Riserva 2018,14.0,0.75,31.90,42.53333333333333,0.329153605015674
0,Epic Escape To Colorado IPA tölkki,6.2,0.355,6.69,18.845070422535212,0.3289985052316891
0,Planet Mouraz Chibu,12.5,0.75,28.50,38.0,0.32894736842105265
0,Loimaan Loiva Blond Ale,5.3,0.33,5.32,16.12121212121212,0.3287593984962406
0,Domaine du Mortier Pangramme 2020,13.5,0.75,30.80,41.06666666666667,0.3287337662337662
0,Orava Pike Bite tölkki,4.9,0.33,4.92,14.909090909090908,0.32865853658536587
0,The GlenDronach Revival 15 Year Old Single Malt,46.0,0.7,97.98,139.9714285714286,0.32863849765258213
0,Yohan Lardy Gamay Poppy 2022,12.5,0.75,28.54,38.053333333333335,0.3284863349684653
0,Château Marco Maëlle Brut,12.5,0.75,28.54,38.053333333333335,0.3284863349684653
0,Clemens Busch Riesling 2021,10.5,0.75,23.98,31.973333333333333,0.3283986655546289
0,Vietti Perbacco Nebbiolo 2021,14.0,0.75,31.98,42.64,0.32833020637898686
0,Marques de Murrieta Reserva 2018,14.0,0.75,31.99,42.65333333333333,0.3282275711159738
0,Rioja Vega Gran Reserva 2016 lahjapakkaus,14.0,0.75,31.99,42.65333333333333,0.3282275711159738
0,Chamlija Albariño Narince 2019,13.5,0.75,30.85,41.13333333333333,0.32820097244732577
0,Petra Unger Ried Gaisberg 1ÖTW Reserve Riesling 2020,13.5,0.75,30.85,41.13333333333333,0.32820097244732577
0,Ornellaia Le Volte Magnum 2017,14.0,1.5,64.00,42.666666666666664,0.328125
0,La Spinetta Langhe Nebbiolo 2021,14.0,0.75,32.00,42.666666666666664,0.328125
0,Kuninkaantien Tuorlan Tähti Pils,4.5,0.33,4.53,13.727272727272727,0.32781456953642385
0,Kremser Kreuzberg Riesling Kremstal Reserve 2021,13.5,0.75,30.89,41.18666666666667,0.3277759792813208
0,Gancia Moscato d'Asti,5.5,0.75,12.59,16.786666666666665,0.3276409849086577
0,Gut Hermannsberg 7 Terroirs Riesling Trocken 2021,12.0,0.75,27.48,36.64,0.32751091703056767
0,Salvatore Marino Turi Rosato 2021,12.0,0.75,27.50,36.666666666666664,0.32727272727272727
0,Bladnoch Samsara Single Malt,46.7,0.7,99.90,142.71428571428572,0.32722722722722725
0,Dourakis Zelos Aromatica 2022,13.0,0.75,29.80,39.733333333333334,0.3271812080536913
0,Tommyknocker Cocoa Porter tölkki,5.7,0.355,6.19,17.43661971830986,0.3268982229402262
0,Bönnigheimer Weissburgunder Gipskeuper 2018,13.0,0.75,29.84,39.78666666666667,0.32674262734584447
0,Dr. Pauly-Bergweiler Wehlener Sonnenuhr Riesling Kabinett 2019,10.0,0.75,22.99,30.653333333333332,0.32622879512831665
0,Nikolaihof Riesling 2018,11.5,0.75,26.44,35.25333333333334,0.32621028744326774
0,A.Christmann Weissburgunder 2019,12.0,0.75,27.59,36.78666666666667,0.32620514679231605
0,Prantner Kékfrankos 2021,13.5,0.75,31.05,41.4,0.32608695652173914
0,Jean Loron Saint-Joseph 2016,13.0,0.75,29.90,39.86666666666667,0.32608695652173914
0,Laporte Sancerre Rouge Les Grandmontains 2021,13.0,0.75,29.90,39.86666666666667,0.32608695652173914
0,Reyneke Organic Syrah 2019,13.0,0.75,29.90,39.86666666666667,0.32608695652173914
0,XXVI Talhas Mestre Daniel Branco 2019,13.0,0.75,29.90,39.86666666666667,0.32608695652173914
0,Paul Blanck Pinot Noir 2020,13.0,0.75,29.90,39.86666666666667,0.32608695652173914
0,Terredora Fiano di Avellino 2019,13.0,0.75,29.90,39.86666666666667,0.32608695652173914
0,Baumann-Zirgel Crémant d'Alsace Rosé,13.0,0.75,29.90,39.86666666666667,0.32608695652173914
0,Moric Balaton Hidden Treasures NR3 2020,13.0,0.75,29.90,39.86666666666667,0.32608695652173914
0,Prantner Kadarka 2022,13.0,0.75,29.90,39.86666666666667,0.32608695652173914
0,Maison Champy Savigny-les-Beaune 2017,13.0,0.75,29.90,39.86666666666667,0.32608695652173914
0,Christophe Pichon Saint Joseph Rouge 2021,13.0,0.75,29.90,39.86666666666667,0.32608695652173914
0,Dal Cero Vigneto Runcata 2020,13.0,0.75,29.90,39.86666666666667,0.32608695652173914
0,Joseph Drouhin Côte de Nuits-Villages 2017,13.0,0.75,29.90,39.86666666666667,0.32608695652173914
0,Domaine des Tourelles Marquis des Beyes 2016,13.0,0.75,29.91,39.88,0.3259779338014042
0,Antica Formula Vermouth,16.5,0.375,18.99,50.63999999999999,0.325829383886256
0,Larsen XO,40.0,0.7,85.98,122.82857142857144,0.3256571295650151
0,Ron Matusalem 23 Gran Reserva,40.0,0.7,85.99,122.84285714285714,0.32561925805326203
0,Horizont Gentle Bastard tölkki,6.5,0.33,6.59,19.96969696969697,0.3254931714719272
0,Omnipollo DDH Maz tölkki,5.6,0.33,5.68,17.21212121212121,0.32535211267605635
0,Loch Lomond 18 Year Old Single Malt,46.0,0.7,98.99,141.4142857142857,0.3252853823618547
0,Montecillo Gran Reserva 2012,13.0,0.75,29.98,39.973333333333336,0.32521681120747165
0,Miraval Rose 2022,13.0,0.75,29.98,39.973333333333336,0.32521681120747165
0,Graeme & Julie Bott First Flight Viognier 2020,13.0,0.75,29.98,39.973333333333336,0.32521681120747165
0,Lioco Sonoma County Chardonnay 2019,13.0,0.75,29.98,39.973333333333336,0.32521681120747165
0,Domaine Millet Chablis 2020,13.0,0.75,29.98,39.973333333333336,0.32521681120747165
0,Albert Bichot Bourgogne Vieilles Vignes de Pinot Noir 2019,13.0,0.75,29.98,39.973333333333336,0.32521681120747165
0,Graeme & Julie Bott First Flight Syrah 2020,13.0,0.75,29.98,39.973333333333336,0.32521681120747165
0,Armenia Pomegranate Semisweet,12.0,0.75,27.68,36.906666666666666,0.32514450867052025
0,Chateau Marsyas BQ-A de Marsyas Rouge 2016,15.0,0.75,34.60,46.13333333333333,0.32514450867052025
0,Tassin Sancerre 2022,13.0,0.75,29.99,39.986666666666665,0.3251083694564855
0,Ultimate Provence Rosé 2021,13.0,0.75,29.99,39.986666666666665,0.3251083694564855
0,Château d'Esclans Whispering Angel 2022,13.0,0.75,29.99,39.986666666666665,0.3251083694564855
0,Bastien Jolivet La Cuvée De Louis 2020,13.0,0.75,30.00,40.0,0.325
0,Fettercairn 16 Years Old 2023 Release Single Malt,46.4,0.7,99.98,142.82857142857145,0.3248649729945989
0,Château des Jacques Clos de Rochegrès Moulin-à-Vent 2013,13.0,0.75,30.02,40.026666666666664,0.32478347768154564
0,Pomona Island If I Only Had A Hammer BA IRS Pedro Ximenez,12.5,0.75,28.88,38.50666666666667,0.32461911357340717
0,Pomona Island If I Only Had a Second Chance BA IRS Muscat,12.5,0.75,28.88,38.50666666666667,0.32461911357340717
0,Valamo Luostariviski Heavily Peated Cask Strength,58.5,0.5,90.13,180.26,0.3245312326639299
0,FJ Regnery Edition Michelskirch Trocken Riesling 2022,12.5,0.75,28.89,38.52,0.32450674974039456
0,Breezer Watermelon,4.0,0.275,3.39,12.327272727272726,0.32448377581120946
0,Breezer Orange,4.0,0.275,3.39,12.327272727272726,0.32448377581120946
0,Breezer Lime,4.0,0.275,3.39,12.327272727272726,0.32448377581120946
0,Jean Faux Sainte-Radegonde 2016,14.0,0.75,32.36,43.14666666666667,0.32447466007416564
0,Camin Larredya La Part Davant 2018,14.0,0.75,32.36,43.14666666666667,0.32447466007416564
0,Domaine Raffaitin-Planchon Sancerre  2021,12.5,0.75,28.90,38.53333333333333,0.3243944636678201
0,Josep Foraster Trepat 2019,12.5,0.75,28.90,38.53333333333333,0.3243944636678201
0,Domaine Raffaitin-Planchon Sancerre 2021,12.5,0.75,28.90,38.53333333333333,0.3243944636678201
0,Serriger Schloss Saarfelser Schlossberg Riesling Feinherb 2021,10.0,0.75,23.12,30.826666666666668,0.32439446366782004
0,Château du Breuil VSOP,40.0,0.03,3.70,123.33333333333334,0.3243243243243243
0,Katzenkopf Supremus Silvaner Spätlese Trocken 2018,13.5,0.75,31.22,41.626666666666665,0.3243113388853299
0,Baron M Jardin d'amour 2021,12.5,0.75,28.92,38.56,0.32417012448132776
0,Hallonmäen Villi Aito Omenasiideri,5.5,0.33,5.60,16.96969696969697,0.32410714285714287
0,Takler Cabernet Franc 2019,14.5,0.75,33.57,44.76,0.3239499553172476
0,Frapin 15 Years Old,45.3,0.7,97.90,139.85714285714286,0.3239019407558733
0,Orval,6.9,0.33,7.03,21.303030303030305,0.32389758179231865
0,Tynt Meadow English Trappist Ale,7.4,0.33,7.54,22.848484848484848,0.32387267904509287
0,Plaimont Saint-Albert Barriques D´Or 2014,12.5,0.75,28.95,38.6,0.3238341968911917
0,Georg Mosbacher Riesling Trocken 2021,12.0,0.75,27.80,37.06666666666667,0.3237410071942446
0,André Delorme Crémant de Bourgogne Brut,12.0,0.375,13.90,37.06666666666667,0.3237410071942446
0,Hiisi Lempo White Grape Sour,3.5,0.33,3.57,10.818181818181817,0.32352941176470595
0,Terre Nere Etna Bianco 2021,12.5,0.75,28.98,38.64,0.32349896480331264
0,Villa Crespia Novalia Franciacorta Brut 2020,12.5,0.75,28.98,38.64,0.32349896480331264
0,Brocard Chablis Sainte Claire Organic 2022,12.5,0.75,28.98,38.64,0.32349896480331264
0,Impromptu Rosé 2022,13.5,0.75,31.30,41.733333333333334,0.323482428115016
0,Hispano+Suizas Bobos 2020,13.5,0.75,31.30,41.733333333333334,0.323482428115016
0,Jean-Yves Bretaudeau Mouzillon-Tillières 2018,12.5,0.75,28.99,38.65333333333333,0.32338737495688175
0,Clos Saint Materne Pinot Gris 2022,14.0,0.75,32.50,43.333333333333336,0.32307692307692304
0,Hubert Lay Silvaner Trocken S 2018,14.0,0.75,32.51,43.346666666666664,0.3229775453706552
0,Hepburn's Choice Caol Ila 9 Year Old Wine Finish 2010,46.0,0.7,99.70,142.42857142857144,0.32296890672016043
0,Alfocheiro em Talha de Argilla 2016,13.0,0.75,30.21,40.28,0.3227408142999007
0,Brill Ukonmäen Punajuuriviina,32.0,0.5,49.58,99.16,0.3227107704719645
0,Tuju Lunatic 2022,7.0,0.75,16.27,21.69333333333333,0.32267977873386605
0,Goalong 5 Year Old Single Malt,40.0,0.7,86.80,124.0,0.3225806451612903
0,Mallassepät Salted Liquorice Apricot Sour tölkki,5.2,0.33,5.32,16.12121212121212,0.3225563909774436
0,Antiche Terre Venete Amarone Baorna 2020,15.0,0.75,34.89,46.52,0.3224419604471195
0,Tuju Malphas 2022,7.0,0.75,16.29,21.72,0.32228360957642727
0,Poderi Colla Riesling 2020,12.0,0.75,27.93,37.24,0.32223415682062295
0,Kilchoman Casado Single Malt,46.0,0.7,99.99,142.84285714285716,0.322032203220322
0,Alta Alella Mirgin Gran Reserva Cava Brut Nature,12.0,0.375,13.98,37.28,0.3218884120171674
0,Bassermann-Jordan Riesling Brut 2013,12.5,0.75,29.13,38.839999999999996,0.32183316168898046
0,Antiche Terre Amarone della Valpolicella Mezzo Monte 2018,15.0,0.75,34.99,46.653333333333336,0.32152043440983136
0,Teerenpeli Single Cask 8 Year Old Madeira Cask Single Malt,54.9,0.5,85.43,170.86,0.32131569706192203
0,Salvatore Marino Turi Bianco,11.5,0.75,26.85,35.800000000000004,0.3212290502793296
0,Ixsir Altitudes Rose 2019,14.0,0.75,32.69,43.586666666666666,0.32119914346895073
0,Maison Roche Vieilles Vignes Chardonnay 2018,13.0,0.75,30.36,40.48,0.32114624505928857
0,Oddero Nizza 2020,14.5,0.75,33.90,45.199999999999996,0.3207964601769912
0,Teerenpeli Punaherukka-Verigreippi Lonkero,4.5,0.33,4.63,14.03030303030303,0.3207343412526998
0,Dourakis Apus Romeiko 2021,12.5,0.75,29.23,38.973333333333336,0.3207321245295929
0,Ausonia Apollo Montepulciano d'Abruzzo 2018,13.5,0.75,31.60,42.13333333333333,0.3204113924050633
0,D'Angelo Aglianico del Vulture,13.5,0.375,15.82,42.18666666666667,0.3200063211125158
0,Ranin Cognac XO,40.0,0.7,87.50,125.00000000000001,0.31999999999999995
0,Schmelzer Welschriesling 2022,12.5,0.75,29.30,39.06666666666667,0.3199658703071672
0,K Art den Hoed Vineyard Viognier 2020,14.5,0.75,34.00,45.333333333333336,0.31985294117647056
0,Celler Credo And the Winner is 2019,11.0,0.375,12.90,34.4,0.31976744186046513
0,Hakutsuru Tanrei Junmai Sake,13.5,0.18,7.60,42.22222222222222,0.31973684210526315
0,Il Monte Caro Carosé 2021,11.5,0.75,26.99,35.986666666666665,0.3195628010374213
0,La Cappuccina Campo Buri 2015,14.0,0.75,32.86,43.81333333333333,0.31953743152769326
0,Apis Poltorak Jadwiga,16.0,0.75,37.56,50.080000000000005,0.3194888178913738
0,Pikkulintu Puotila 2023,54.9,0.5,85.93,171.86,0.31944606074711973
0,Schmelzer Grüner Veltliner 2022,12.5,0.75,29.36,39.14666666666667,0.31931198910081743
0,Château Beau-Site 2018,14.5,0.75,34.06,45.413333333333334,0.3192894891368174
0,Bat Gara Urtaran Cuvée 2019,14.0,0.75,32.90,43.86666666666667,0.3191489361702128
0,Prantner Cabernet Franc 2020,15.0,0.75,35.26,47.01333333333333,0.319058423142371
0,Takler Merlot 2018,14.0,0.75,32.92,43.89333333333334,0.31895504252733897
0,Vallein Tercinier Vieux Pineau des Charentes 10 Yo,17.0,0.75,39.98,53.306666666666665,0.3189094547273637
0,Martha’s Single Harvest Tawny Port Colheita 2006,19.5,0.75,45.90,61.199999999999996,0.3186274509803922
0,Domaine Baud Génération 9 Cousu Main Trousseau 2019,13.0,0.75,30.60,40.800000000000004,0.31862745098039214
0,Tenuta Friggiali Brunello di Montalcino 2018,14.0,0.75,32.98,43.97333333333333,0.3183747725894482
0,Querciabella Chianti Classico 2020,14.0,0.75,32.98,43.97333333333333,0.3183747725894482
0,Cascina Bruciata Barbaresco 2016,14.0,0.75,32.99,43.98666666666667,0.3182782661412549
0,Whistle Pig 10 Year Old Straight Rye,50.0,0.7,109.98,157.11428571428573,0.3182396799418076
0,Kilchoman Cognac Cask Matured 2023 Edition Single Malt,50.0,0.7,109.99,157.12857142857143,0.3182107464314938
0,Kilchoman Fino Sherry Cask Matured 2023 Edition Single Malt,50.0,0.7,109.99,157.12857142857143,0.3182107464314938
0,Kilchoman PX Sherry Cask Matured 2023 Edition Single Malt,50.0,0.7,109.99,157.12857142857143,0.3182107464314938
0,Villa Crespia Miolo Franciacorta Brut 2020,12.5,0.75,29.48,39.306666666666665,0.3180122116689281
0,Hardy Legend 1863,40.0,0.05,6.29,125.8,0.3179650238473768
0,Yohan Lardy Cru Moulin-a-Vent Les Michelons 2021,14.0,0.75,33.03,44.04,0.31789282470481384
0,Jura 18 Year Old Single Malt,44.0,0.7,96.90,138.42857142857144,0.3178534571723426
0,Matyas Ösztöver 2021,12.5,0.75,29.50,39.333333333333336,0.3177966101694915
0,Nino Negri Ca' Brione 2021,13.0,0.75,30.68,40.906666666666666,0.3177966101694915
0,Jean-Paul Brun Terres Dorées Beaujolais Blanc Classic Chardonnay 2022,12.5,0.75,29.50,39.333333333333336,0.3177966101694915
0,Château Chatain 2016,12.5,0.75,29.50,39.333333333333336,0.3177966101694915
0,Vallilan Tyrzan Tyrni Sour 2022,5.7,0.33,5.92,17.939393939393938,0.3177364864864865
0,Caorunn Gin,41.8,0.05,6.58,131.6,0.31762917933130697
0,Ausonia Apollo Cerasuolo d'Abruzzo 2022,12.0,0.75,28.35,37.800000000000004,0.31746031746031744
0,Nino Franco Rustico Valdobbiadene Prosecco Superiore Brut,11.0,0.75,25.99,34.65333333333333,0.3174297806848788
0,Domdechant Werner Hochheimer Kirchenstück Riesling Trocken Erste Lage 2019,13.5,0.75,31.90,42.53333333333333,0.31739811912225707
0,Torres 10 Brandy 50cl UKKO -lahjapakkaus muovipullo,38.0,0.5,59.89,119.78,0.3172482885289698
0,Helsinki Whiskey Rye Malt,47.5,0.05,7.49,149.79999999999998,0.3170894526034713
0,Château du Levant 2018,13.5,0.375,15.98,42.61333333333334,0.31680225281602
0,Cesari Jèma Corvina 2016,13.5,0.75,31.98,42.64,0.3166041275797373
0,Prantner Olasz Rizling 2022,12.5,0.75,29.62,39.49333333333333,0.3165091154625253
0,Château Bellevue La Fôret Optimum 2018,14.5,0.75,34.37,45.82666666666666,0.316409659586849
0,Reyneke Biodynamic Chenin Blanc 2021,13.5,0.75,32.00,42.666666666666664,0.31640625
0,Tenuta Bocca di Lupo Pietrabianca Castel del Monte Chardonnay 2022,13.5,0.75,32.00,42.666666666666664,0.31640625
0,Tawse Quarry Road Riesling 2020,10.5,0.75,24.89,33.18666666666667,0.3163921253515468
0,Tuju Vermont Ravit NEIPA tölkki,6.5,0.44,9.04,20.545454545454543,0.31637168141592925
0,Basqueland Freebird tölkki,6.0,0.33,6.26,18.96969696969697,0.31629392971246006
0,Loimaan Voima IPA,5.3,0.33,5.53,16.757575757575758,0.31627486437613017
0,Hewitson The Mad Hatter Shiraz 2018,14.0,0.75,33.20,44.26666666666667,0.3162650602409638
0,Kanavan Panimo x Frosteruksen Puutarha Late Harvest Sour,8.0,0.33,8.35,25.3030303030303,0.3161676646706587
0,Djuce Heinrich Red 2019 tölkki,12.0,0.25,9.49,37.96,0.3161222339304531
0,Tierras de Armenia Karas 2018,14.0,0.75,33.26,44.346666666666664,0.31569452796151537
0,Josep Foraster Brisat del Coster 2019,12.5,0.75,29.72,39.626666666666665,0.3154441453566622
0,Sighardt Donabaum Neuburger 2015,13.0,0.75,30.92,41.22666666666667,0.3153298835705045
0,Baumann-Zirgel Le Renard & La Lune Rouge 2020,14.5,0.75,34.49,45.98666666666667,0.3153087851551174
0,Maku Snadi Micro IPA tölkki,3.2,0.33,3.35,10.15151515151515,0.31522388059701495
0,Camillo Donati Il Mio Malvasia Rosa 2022,12.5,0.75,29.75,39.666666666666664,0.3151260504201681
0,Koppitsch Rét 2019,10.5,0.75,24.99,33.32,0.31512605042016806
0,Westward Single Malt,45.0,0.7,99.98,142.82857142857145,0.31506301260252045
0,Lenzmark New Chapter 2021,13.0,0.75,30.95,41.266666666666666,0.3150242326332795
0,Brugal Colección Visionaria Edición 01,45.0,0.7,100.00,142.85714285714286,0.315
0,Josep Foraster Trepat Rosat Cava Brut 2019,11.5,0.75,27.40,36.53333333333333,0.3147810218978102
0,Herdade do Cebolal Casa Branca 2018,11.5,0.75,27.40,36.53333333333333,0.3147810218978102
0,Djuce Frizzante 2021 tölkki,11.0,0.2,6.99,34.949999999999996,0.3147353361945637
0,Yalumba Museum Muscat,18.0,0.375,21.45,57.199999999999996,0.3146853146853147
0,Kasnyik Riesling Orange 2021,14.5,0.75,34.56,46.080000000000005,0.31467013888888884
0,Joseph Scharsch Sylvan'Air 2020,12.5,0.75,29.80,39.733333333333334,0.3145973154362416
0,Loimaan Puska DDH IPA,5.3,0.33,5.56,16.848484848484848,0.314568345323741
0,Barraco Grillo  2018,13.5,0.75,32.20,42.93333333333334,0.31444099378881984
0,Mosgaard Organic Port Wine Cask Single Malt,44.0,0.5,69.99,139.98,0.31433061865980855
0,Karam Cloud Nine 2019,13.0,0.75,31.02,41.36,0.31431334622823986
0,Paul Blanck Pinot Gris Patergarten 2016,14.0,0.75,33.42,44.56,0.3141831238779174
0,Tiago Teles Raiz Tinto 2019,13.0,0.75,31.07,41.42666666666667,0.3138075313807531
0,Nittnaus Let Me Love Pet Nat 2022,11.5,0.75,27.50,36.666666666666664,0.31363636363636366
0,Brand Wilder Satz Pur 2019,10.5,0.75,25.11,33.48,0.31362007168458783
0,Gini Soave Classico 2022,12.5,0.75,29.90,39.86666666666667,0.31354515050167225
0,Säde Arctic Sparkling Wine Rosé,12.5,0.75,29.90,39.86666666666667,0.31354515050167225
0,Pequenos Rebentos Ancestral Loureiro Pét Nat Extra Brut 2021,12.5,0.75,29.90,39.86666666666667,0.31354515050167225
0,Enrico Serafino Alta Langa Brut 2018,12.5,0.75,29.90,39.86666666666667,0.31354515050167225
0,Pequenos Rebentos O Principe e o Bandido Pét Nat Extra Brut 2021,12.5,0.75,29.90,39.86666666666667,0.31354515050167225
0,Wolf & Woman Pinotage 2021,12.5,0.75,29.90,39.86666666666667,0.31354515050167225
0,XXVI Talhas Mestre Daniel Tinto 2021,12.5,0.75,29.90,39.86666666666667,0.31354515050167225
0,Villa Sparina Gavi 2021,12.5,0.75,29.90,39.86666666666667,0.31354515050167225
0,Albert Bichot Chablis Organic 2020,12.5,0.75,29.90,39.86666666666667,0.31354515050167225
0,Albert Bichot Bourgogne Vieilles Vignes de Chardonnay 2020,12.5,0.75,29.90,39.86666666666667,0.31354515050167225
0,Coto Real 2017,14.0,0.75,33.49,44.653333333333336,0.3135264257987459
0,Domaines Schlumberger Riesling Grand Cru Saering 2019,14.0,0.75,33.49,44.653333333333336,0.3135264257987459
0,Ogier Châteauneuf-du-Pape L’Âme Biologique 2021,15.0,0.75,35.89,47.85333333333333,0.3134577876845918
0,Choya Extra Shiso Umeshu,17.0,0.7,37.98,54.25714285714285,0.3133228014744603
0,Viñaguareña Iduna 2018,13.5,0.75,32.32,43.093333333333334,0.31327351485148514
0,Samuel Smith Organic Strawberry Fruit Beer,5.1,0.355,5.78,16.281690140845072,0.313235294117647
0,Tuju The Beyond 2020,6.7,0.75,16.05,21.400000000000002,0.3130841121495327
0,Matyas Ars Poetica 2021,13.0,0.75,31.16,41.54666666666667,0.31290115532734275
0,Frieden-Berg Grauburgunder Nittel 2021,12.5,0.75,29.97,39.96,0.3128128128128128
0,Takler Syrah 2020,14.0,0.75,33.57,44.76,0.3127792672028597
0,Asonia Frascati Brut 2011,12.5,0.75,29.98,39.973333333333336,0.3127084723148766
0,Château Montus 2012,15.0,0.375,17.99,47.97333333333333,0.3126737076153419
0,Hisenda Miret Garnatxa Organic 2020,15.0,0.75,35.98,47.97333333333333,0.3126737076153419
0,Gustave Roché Champagne Brut,12.5,0.75,29.99,39.986666666666665,0.31260420140046685
0,Pérez Barquero G1 Brut Nature,12.5,0.75,29.99,39.986666666666665,0.31260420140046685
0,Battenfeld-Spanier Hohen-Sülzen Riesling Trocken 2021,12.5,0.75,29.99,39.986666666666665,0.31260420140046685
0,Hallonmäen Kuiva Omenasiideri,5.3,0.33,5.60,16.96969696969697,0.3123214285714286
0,Lustau San Emilio Pedro Ximénez Sherry,17.0,0.375,20.42,54.45333333333334,0.3121939275220372
0,Ota Shuzo Kokoro Junmai Nama Genshu Sake,17.5,0.72,40.37,56.06944444444444,0.3121129551647263
0,Lagavulin 16 Year Old Single Malt,43.0,0.7,96.47,137.81428571428572,0.3120140976469369
0,Tito Zuccardi Paraje Altamira 2020,14.0,0.75,33.68,44.906666666666666,0.31175771971496435
0,Château Jaugue Blanc 2012,13.0,0.75,31.28,41.70666666666667,0.3117007672634271
0,Opaco 2016,14.5,0.75,34.89,46.52,0.3116938950988822
0,Whispering Angel Magnum,13.5,1.5,64.98,43.32,0.31163434903047094
0,Gramona La Cuvée Corpinnat Brut 2019,12.0,0.75,28.88,38.50666666666667,0.3116343490304709
0,Open Water Paradoxale,6.1,0.33,6.46,19.575757575757574,0.31160990712074305
0,Tecedeiras Reserva 2019,14.5,0.75,34.90,46.53333333333333,0.3116045845272206
0,Wente Riva Ranch Pinot Noir 2018,14.5,0.75,34.90,46.53333333333333,0.3116045845272206
0,Tre Monti Vitalba 2018,14.5,0.75,34.90,46.53333333333333,0.3116045845272206
0,Guerrieri Rizzardi Clos Roareti 2019,14.5,0.75,34.90,46.53333333333333,0.3116045845272206
0,Arzuaga Crianza 2020,14.5,0.75,34.90,46.53333333333333,0.3116045845272206
0,Solter Rheingau Riesling Reserve Rüdesheim Berg Roseneck Brut 2012,12.5,0.75,30.09,40.12,0.3115653040877368
0,Martin Códax Albariño Brut,12.0,0.75,28.89,38.52,0.3115264797507788
0,Barth Pinot Rosé Brut,12.0,0.75,28.89,38.52,0.3115264797507788
0,Prantner Syrah 2020,14.5,0.75,34.92,46.56,0.311426116838488
0,Envinate Benje Blanco 2021,12.0,0.75,28.90,38.53333333333333,0.31141868512110726
0,Envínate Benje Tinto 2021,12.0,0.75,28.90,38.53333333333333,0.31141868512110726
0,Château l'Eden 2016,14.0,0.75,33.72,44.96,0.3113879003558719
0,O/O Double Narangi IPA tölkki,8.0,0.33,8.48,25.696969696969695,0.3113207547169812
0,Hven Seven Stars No.1 Dubhe,45.0,0.5,72.35,144.7,0.3109882515549413
0,Picotener Langhe Nebbiolo 2018,14.5,0.75,34.98,46.63999999999999,0.3108919382504289
0,Laporte Pouilly-Fumé la Vigne de Beaussoppet 2020,14.5,0.75,34.98,46.63999999999999,0.3108919382504289
0,Moric Haus Marke Super Natural 2018,13.0,0.75,31.37,41.82666666666667,0.31080650302837104
0,Bock Royal Cuvee 2016,14.5,0.75,34.99,46.653333333333336,0.31080308659617034
0,Pio Cesare Fides Barbera d'Alba 2020,14.5,0.75,34.99,46.653333333333336,0.31080308659617034
0,Château Boutisse Saint-Emilion Grand Cru 2016,14.5,0.75,34.99,46.653333333333336,0.31080308659617034
0,Châteauneuf-du-Pape Domaine du Vieux Lazaret 2021,14.5,0.75,34.99,46.653333333333336,0.31080308659617034
0,Train Station Brewery Gin Tonic,4.0,0.275,3.54,12.872727272727271,0.3107344632768362
0,Château Moulin Pey-Labrie 2011,13.5,0.75,32.59,43.45333333333334,0.31067812212335066
0,Macho Man Monastrell 2019,14.0,0.75,33.80,45.06666666666666,0.31065088757396453
0,4 Kilos 12 Volts 2019,12.0,0.75,28.98,38.64,0.3105590062111801
0,Kreinbacher Classic Brut,12.0,0.75,28.98,38.64,0.3105590062111801
0,Spy Valley Echelon Brut 2012,12.0,0.75,29.00,38.666666666666664,0.3103448275862069
0,Doravante 2016,12.5,0.75,30.21,40.28,0.3103277060575968
0,Amager Tiburcio Vasquez,9.9,0.75,23.94,31.92,0.3101503759398496
0,Jean Louis Chave Sélection Offerus 2020,14.0,0.75,33.92,45.22666666666667,0.3095518867924528
0,Prantner Cabernet Franc 2019,14.5,0.75,35.15,46.86666666666667,0.30938833570412516
0,Helsinki Release #24 VYS Single Malt,53.2,0.5,85.99,171.98,0.30933829515059896
0,Mastrojanni Rosso di Montalcino 2017,14.0,0.75,33.98,45.306666666666665,0.3090052972336669
0,Zuccardi Concreto Malbec 2020,14.0,0.75,33.98,45.306666666666665,0.3090052972336669
0,Hispano+Suizas Bassus Pinot Noir 2021,14.0,0.75,33.98,45.306666666666665,0.3090052972336669
0,Boffa Barbaresco 2019,14.0,0.75,33.99,45.32,0.3089143865842895
0,Château Montus 2017,14.0,0.75,34.00,45.333333333333336,0.30882352941176466
0,Yerevan Areni Karmrahyut 2020,12.5,0.75,30.36,40.48,0.3087944664031621
0,Alvinne Phi Fruit Sour Rhubarb,8.0,0.33,8.55,25.90909090909091,0.3087719298245614
0,Lambiek Fabriek Single & Wild Colon-Elle,11.0,0.75,26.73,35.64,0.30864197530864196
0,Williams Grapefruit Ginger Beer tölkki,3.4,0.44,4.85,11.022727272727272,0.3084536082474227
0,Prantner Bikaver 2021,14.5,0.75,35.26,47.01333333333333,0.30842314237095864
0,Omnipollo x Firestone Walker Brainpick West Coast IPA tölkki,7.0,0.44,9.99,22.704545454545453,0.3083083083083083
0,Viña Bosconia Reserva 2012,13.5,0.75,32.85,43.800000000000004,0.30821917808219174
0,Château Montifaud Reserve Speciale Michel Vallet,40.0,0.7,90.89,129.84285714285716,0.30806469358565297
0,Justino's Malvasia 10 Years Old Madeira,19.0,0.375,23.13,61.68,0.30804150453955903
0,Pelissero Barbera d'Alba Tulin 2012,15.0,0.75,36.55,48.73333333333333,0.3077975376196991
0,Bixio Amarone Classico della Valpolicella 2018,16.0,0.75,38.99,51.98666666666667,0.30777122339061297
0,Alta Alella Cau d’en Genís 2021,13.5,0.75,32.90,43.86666666666667,0.30775075987841943
0,Dourakis Kudos Muscat of Spinas 2021,12.5,0.75,30.47,40.626666666666665,0.3076796849360026
0,Nikolaihof Grüner Veltliner 2020,11.5,0.75,28.04,37.38666666666666,0.3075962910128388
0,Michelas St Jemms Crozes-Hermitage La Chasselière 2019,14.5,0.75,35.36,47.14666666666667,0.3075509049773755
0,Bixio Amarone Bronze 2018,15.5,0.375,18.90,50.4,0.30753968253968256
0,J California Cuvée Brut,12.5,0.75,30.49,40.65333333333333,0.3074778615939653
0,Cape Mentelle Shiraz 2018,15.0,0.75,36.59,48.78666666666667,0.3074610549330418
0,Ararat Apricot,30.0,0.5,48.85,97.7,0.3070624360286591
0,Yarden Pinot Noir 2019,13.5,0.75,32.98,43.97333333333333,0.3070042449969679
0,Glenmorangie A Tale Of Winter Single Malt,46.0,0.7,104.90,149.85714285714286,0.3069590085795996
0,Glenmorangie The Nectar 16 Year Old Single Malt,46.0,0.7,104.90,149.85714285714286,0.3069590085795996
0,Château Tayac Cuvée Nicolas 2020,13.5,0.75,32.99,43.98666666666667,0.30691118520763866
0,Travaglini Gattinara 2019,13.5,0.75,32.99,43.98666666666667,0.30691118520763866
0,Monte Bernardi Chianti Classico Riserva 2020,13.5,0.75,32.99,43.98666666666667,0.30691118520763866
0,Loimaan Savi Porter,5.3,0.33,5.70,17.272727272727273,0.30684210526315786
0,Hudson Manhattan Rye,46.0,0.35,52.49,149.9714285714286,0.3067250904934273
0,Andrea Formilli Fendi Rosato 2019,12.0,0.75,29.36,39.14666666666667,0.3065395095367847
0,Prantner Merlot 2019,15.5,0.75,37.96,50.61333333333334,0.3062434141201264
0,Croci Campedello,11.5,0.75,28.18,37.57333333333333,0.30606813342796313
0,Château de Maligny Petit Chablis 2021,12.5,0.375,15.32,40.85333333333333,0.3059725848563969
0,Chamlija Istranca Gelini 2018,14.5,0.75,35.55,47.4,0.3059071729957806
0,Château de Pierreclos Pinot Noir 2021,13.0,0.75,31.89,42.52,0.3057384760112888
0,Moric Blaufränkisch 2021,13.0,0.75,31.89,42.52,0.3057384760112888
0,Omnipollo Fruit World Famous Pineapple Coconut Sour tölkki,6.0,0.33,6.48,19.636363636363637,0.3055555555555555
0,Umeshu Sarari kartonkitölkki,10.0,1.0,32.75,32.75,0.3053435114503817
0,Crooked Stave Juicy East IPA tölkki,6.0,0.355,6.98,19.661971830985916,0.30515759312320917
0,Crooked Stave Juicy West IPA tölkki,6.0,0.355,6.98,19.661971830985916,0.30515759312320917
0,Francois et Julien Pinon Silex Noir 2019,13.5,0.75,33.18,44.24,0.3051537070524412
0,Antica Fratta Franciacorta Brut,13.0,0.75,31.98,42.64,0.3048780487804878
0,Quinta da Pedra Alta Nº10 Ten Year Old Tawny Port,19.5,0.5,31.98,63.96,0.3048780487804878
0,Bottega Petalo Moscato Dolce,6.5,0.75,15.99,21.32,0.3048780487804878
0,Valamo Vaeltaja,11.5,0.5,18.86,37.72,0.3048780487804878
0,Ten Minutes By Tractor 10X Pinot Noir 2020,13.0,0.75,31.98,42.64,0.3048780487804878
0,Mikkeller San Diego Limited Series Beer Geek Cocoa Shake Imperial Stout tölkki,13.6,0.475,21.19,44.61052631578948,0.30486078338839073
0,Moss Verdeca 2019,12.0,0.75,29.53,39.373333333333335,0.3047748052827633
0,Camillo Donati Il Mio Sauvignon 2022,13.0,0.75,32.00,42.666666666666664,0.3046875
0,Donnafugata Sul Vulcano Etna Rosso 2018,13.0,0.75,32.00,42.666666666666664,0.3046875
0,Georg Müller Edition PW Spätburgunder 2019,13.0,0.75,32.00,42.666666666666664,0.3046875
0,ABK6 XO,40.0,0.35,45.99,131.4,0.30441400304414
0,Hardy Rare Fine Champagne XO,40.0,0.7,91.99,131.4142857142857,0.30438091096858355
0,Tuju Lycanthropy blend #2 2021,6.6,0.75,16.27,21.69333333333333,0.304240934234788
0,E. Guigal Gigondas 2020,15.0,0.75,36.99,49.32,0.30413625304136255
0,Hibiki Japanese Harmony,43.0,0.7,98.98,141.4,0.3041018387553041
0,Torii Mor Pinot Gris 2017,13.0,0.75,32.07,42.76,0.304022450888681
0,United Gypsies Persimonster Persimmon Sour,8.0,0.33,8.69,26.333333333333332,0.3037974683544304
0,Nino Negri Sfursat Carlo Negri 2019,16.0,0.75,39.50,52.666666666666664,0.3037974683544304
0,Montbra Champagne Brut,12.5,0.75,30.90,41.199999999999996,0.3033980582524272
0,Kanavan Sulku Pils,5.2,0.33,5.66,17.151515151515152,0.30318021201413425
0,Karam Thouraya Cabernet Sauvignon 2013,13.0,0.75,32.17,42.89333333333334,0.30307740130556415
0,Vignoble Barreau Gorges 2015,12.0,0.75,29.70,39.6,0.30303030303030304
0,Graham's Quinta dos Malvedos Vintage Port 2012,20.0,0.75,49.50,66.0,0.30303030303030304
0,Koppitsch Rozsa 2022,11.0,0.75,27.23,36.306666666666665,0.30297466030113845
0,Château La Grace Fonrazade Blanc 2017,14.5,0.75,35.90,47.86666666666667,0.30292479108635095
0,Ultimate Provence Rosé Magnum 2021,12.5,1.5,61.90,41.266666666666666,0.30290791599353795
0,Gorghi Tondi Palmares Biologico Brut,11.5,0.75,28.48,37.973333333333336,0.3028441011235955
0,Gorghi Tondi Palmarès Rosè Extra Dry,11.5,0.75,28.48,37.973333333333336,0.3028441011235955
0,Oud Beersel Oude Kriek Vieille,6.0,0.375,7.43,19.813333333333333,0.3028263795423957
0,Voria Rosato 2020,11.5,0.75,28.50,38.0,0.3026315789473684
0,Joseph Drouhin Vaudon Chablis 2021,12.5,0.375,15.49,41.306666666666665,0.30261459005810204
0,Fattoria San Lorenzo La Gattara 2016,15.5,0.75,38.45,51.26666666666667,0.30234070221066317
0,Casas del Bosque Pequeñas Producciones Pinot Noir 2017,14.5,0.75,35.98,47.97333333333333,0.3022512506948305
0,Prüm Sonnenuhr Wehlen Riesling GG 2013,12.0,0.75,29.78,39.70666666666667,0.30221625251846873
0,Quinta dos Murças Reserva 2016,14.5,0.75,35.99,47.98666666666667,0.302167268685746
0,Kir-Yianni Ramnista 2013,14.5,0.75,35.99,47.98666666666667,0.302167268685746
0,BenMarco Expresivo 2020,14.5,0.75,35.99,47.98666666666667,0.302167268685746
0,Can Suriol Els Bancals 2018,12.5,0.75,31.05,41.4,0.30193236714975846
0,Bizoe Estalét Syrah 2016,13.5,0.75,33.55,44.73333333333333,0.3017883755588674
0,Loimaan Panimo Lime-Kurkku Sour Ale,5.0,0.33,5.47,16.575757575757574,0.30164533820840955
0,Josetta Saffirio Langhe Nebbiolo 2018,14.0,0.75,34.82,46.42666666666667,0.3015508328546812
0,BFM Abbaye de Saint Bon Chien,11.0,0.375,13.68,36.48,0.30153508771929827
0,Trimbach Riesling Réserve 2021,13.5,0.75,33.58,44.77333333333333,0.30151876116736154
0,Lepola Hoppy Humalasiideri,5.5,0.33,6.02,18.24242424242424,0.30149501661129574
0,Smirnoff Ice,4.0,0.275,3.65,13.272727272727272,0.30136986301369867
0,Baron M Jardin d'Amour Jeroboam 2021,13.0,3.0,129.44,43.14666666666667,0.30129789864029666
0,Knightor 9112 Brut,12.0,0.75,29.88,39.839999999999996,0.30120481927710846
0,The Balvenie Carribean Cask 14 Year Old Single Malt,43.0,0.7,99.95,142.7857142857143,0.3011505752876438
0,William Fevre Petit Chablis 2019,12.0,0.75,29.90,39.86666666666667,0.3010033444816054
0,Robert Weil Rheingau Riesling Trocken 2021,12.0,0.75,29.90,39.86666666666667,0.3010033444816054
0,Recaredo Terrers Brut Nature Corpinnat 2017,12.0,0.75,29.90,39.86666666666667,0.3010033444816054
0,A.D. Coutelas Champagne Origin Brut,12.0,0.75,29.90,39.86666666666667,0.3010033444816054
0,Torraccia del Piantavigna Gattinara 2018,14.0,0.75,34.89,46.52,0.3009458297506449
0,La Noblaie La Part des Anges 2018,14.0,0.75,34.90,46.53333333333333,0.3008595988538682
0,Miklus Negro di Collina 2012,14.0,0.75,34.90,46.53333333333333,0.3008595988538682
0,Kamnik The Orange 2021,14.0,0.75,34.90,46.53333333333333,0.3008595988538682
0,Acqua in Fiamme Amarone 2017,16.0,0.75,39.90,53.199999999999996,0.30075187969924816
0,Burmester 20 Year Old Tawny Port,20.0,0.375,24.95,66.53333333333333,0.30060120240480964
0,tVerzet Oud Bruin Vineyard,6.0,0.33,6.59,19.96969696969697,0.30045523520485584
0,Gigante Storico & Friends 2018,14.0,0.75,34.96,46.61333333333334,0.3003432494279176
0,Royal Tokaji Late Harvest 2018,12.0,0.5,19.98,39.96,0.3003003003003003
0,Boon Geuze Mariage Parfait,8.0,0.375,9.99,26.64,0.3003003003003003
0,Boon Kriek Mariage Parfait,8.0,0.375,9.99,26.64,0.3003003003003003
0,Rivetto Langhe Nebbiolo 2019,14.0,0.75,34.97,46.626666666666665,0.30025736345438947
0,Chateau De Fontaine-Audon Sancerre 2021,12.0,0.75,29.98,39.973333333333336,0.3002001334222815
0,Baumann-Zirgel Riesling Streng 2020,13.0,0.75,32.48,43.306666666666665,0.3001847290640394
0,Gratavinum 2PR 2021,14.0,0.75,34.98,46.63999999999999,0.300171526586621
0,Nederburg Private Bin D266 Semillon 2012,14.0,0.75,34.98,46.63999999999999,0.300171526586621
0,Ca' La Bionda Amarone della Valpolicella Classico 2012,16.0,0.75,39.98,53.306666666666665,0.3001500750375188
0,Guerrieri Rizzardi 3 Cru Amarone Classico 2018,16.0,0.375,19.99,53.306666666666665,0.3001500750375188
0,Dow's Quinta do Bomfim Vintage Port 2010,20.0,0.75,49.98,66.64,0.30012004801920766
0,Loimer Extra Brut,12.0,0.75,29.99,39.986666666666665,0.3001000333444482
0,Raja Riesling 2015,12.0,0.75,29.99,39.986666666666665,0.3001000333444482
0,Milan Nestarec TRBLMKR 2018,12.0,0.75,29.99,39.986666666666665,0.3001000333444482
0,Scrimaglio Barolo 2018,14.0,0.75,34.99,46.653333333333336,0.30008573878250927
0,Châteauneuf-du-Pape Le Moulin Teyroud 2021,14.0,0.75,34.99,46.653333333333336,0.30008573878250927
0,Avignonesi Vino Nobile di Montepulciano 2018,14.0,0.75,34.99,46.653333333333336,0.30008573878250927
0,Chateau Grand Ormeau 2014,14.0,0.75,34.99,46.653333333333336,0.30008573878250927
0,Famille Mayard Le Hurlevent Châteauneuf-du-Pape 2018,14.0,0.75,34.99,46.653333333333336,0.30008573878250927
0,Antiche Terre Baorna Amarone della Valpolicella 2017,15.0,1.5,74.99,49.99333333333333,0.30004000533404457
0,Niepoort Colheita Port 2009,20.0,0.375,25.00,66.66666666666667,0.3
0,Gustavshof Pur Weisswein Trocken 2017,13.0,0.75,32.50,43.333333333333336,0.3
0,Koli Olut Brunette 2022,7.4,0.33,8.14,24.666666666666668,0.3
0,Smirnoff Ice Tropical,4.0,0.275,3.67,13.345454545454544,0.29972752043596734
0,Josmeyer Pinot Blanc Les Lutins 2015,12.5,0.75,31.29,41.72,0.2996164908916587
0,Stagård Handwerk Weissburgunder 2019,12.5,0.75,31.29,41.72,0.2996164908916587
0,Stagård Handwerk Riesling 2017,12.5,0.75,31.29,41.72,0.2996164908916587
0,Impromptu Sauvignon Blanc 2021,12.5,0.75,31.30,41.733333333333334,0.2995207667731629
0,Torii Mor Rose Pinot Noir 2018,12.5,0.75,31.31,41.74666666666666,0.2994251038007027
0,Pasanau Finca La Planeta 2016,15.5,0.75,38.84,51.78666666666667,0.2993048403707518
0,Casas del Bosque Pequeñas Producciones Syrah 2018,14.0,0.75,35.10,46.800000000000004,0.29914529914529914
0,Terlano Winkl Sauvignon Blanc 2020,13.5,0.75,33.85,45.13333333333333,0.29911373707533234
0,Prantner Cabernet Sauvignon 2019,14.5,0.75,36.39,48.52,0.2988458367683429
0,Prantner Bikaver 2020,14.5,0.75,36.39,48.52,0.2988458367683429
0,Timothy Taylor's Boltmaker Yorkshire Bitter,4.2,0.5,7.03,14.06,0.29871977240398295
0,Altenberg de Wolxheim Riesling Grand Cru 2021,13.5,0.75,33.90,45.199999999999996,0.29867256637168144
0,Raul Perez La del Vivo 2021,13.5,0.75,33.90,45.199999999999996,0.29867256637168144
0,Conterno Fantino Barbera d'Alba Vignota 2018,14.5,0.375,18.21,48.56,0.2985996705107084
0,Pühaste Silver Series Oenotropae Madeira BA Imperial Wine Stout,11.6,0.33,12.82,38.848484848484844,0.2985959438377535
0,Loimaan Preussi Red Ale,5.0,0.33,5.53,16.757575757575758,0.298372513562387
0,Loimaan Ehta Hefe Weizen,5.0,0.33,5.53,16.757575757575758,0.298372513562387
0,2Naturkinder Drei Freunde 2021,11.0,0.75,27.65,36.86666666666667,0.298372513562387
0,Mehling Ruppertsberger Riesling 2020,11.5,0.75,28.92,38.56,0.29823651452282157
0,La Horra Corimbo 2018,14.5,0.75,36.49,48.653333333333336,0.2980268566730611
0,Caparsa Chianti Classico 2020,13.5,0.75,33.98,45.306666666666665,0.29796939376103593
0,Cloudy Bay Sauvignon Blanc 2023,13.5,0.75,33.98,45.306666666666665,0.29796939376103593
0,Emma Zuccardi Bonarda 2020,13.5,0.75,33.98,45.306666666666665,0.29796939376103593
0,Henri Bourgeois Sancerre Le MD de Bourgeois 2019,13.5,0.75,34.00,45.333333333333336,0.2977941176470588
0,Ixsir Altitudes White 2016,13.5,0.75,34.00,45.333333333333336,0.2977941176470588
0,Filippo Manetti Campaglione,12.5,0.75,31.49,41.986666666666665,0.2977135598602731
0,CoolHead Gose tölkki,3.5,0.44,5.18,11.772727272727272,0.2972972972972973
0,Prantner Irsai Oliver 2022,12.0,0.75,30.28,40.373333333333335,0.29722589167767505
0,Calvet Châteauneuf-du-Pape 2020,15.0,0.75,37.90,50.53333333333333,0.29683377308707126
0,Kilchoman Loch Gorm 2023 Single Malt,46.0,0.7,108.50,155.0,0.2967741935483871
0,Kyrö Dairy Cream,16.0,0.5,26.98,53.96,0.2965159377316531
0,Louis Latour Cuvée Latour 2021,13.0,0.75,32.90,43.86666666666667,0.29635258358662614
0,Valfaccenda Roero Arneis,13.0,0.75,32.90,43.86666666666667,0.29635258358662614
0,Fat Lizard Je suis Saison,6.3,0.75,15.95,21.266666666666666,0.2962382445141066
0,Perelada Finca Malaveïna 2019,15.0,0.75,38.00,50.666666666666664,0.2960526315789474
0,Ademan Valdecarretas Seleccion Especial 2017,14.5,0.75,36.75,49.0,0.29591836734693877
0,El Gaitero White Label,4.1,0.75,10.40,13.866666666666667,0.29567307692307687
0,Loimer Ried Loiserberg Grüner Veltliner 2021,13.0,0.75,32.99,43.98666666666667,0.2955441042740224
0,Beatrice et Pascal Lambert Chinon Rochette 2021,13.0,0.75,32.99,43.98666666666667,0.2955441042740224
0,Magoutes Xinomavro 2017,13.0,0.75,32.99,43.98666666666667,0.2955441042740224
0,Angostura 1787 Aged 15 Years,40.0,0.7,94.75,135.35714285714286,0.2955145118733509
0,Sho-Une Junmai Daiginjo Sake,15.5,0.3,15.74,52.46666666666667,0.295425667090216
0,Hubert Lay WB Trocken S 2021,13.5,0.75,34.30,45.73333333333333,0.29518950437317787
0,O/O Narangi tölkki,6.8,0.33,7.61,23.06060606060606,0.2948751642575559
0,Bottega Gold Brut 2022,11.0,0.75,27.99,37.32,0.2947481243301179
0,Iso-Kallan Mocking Bird Long Drink,5.0,0.33,5.60,16.96969696969697,0.29464285714285715
0,Crooked Stave Southern Cross IPA tölkki,5.8,0.355,6.99,19.690140845070424,0.2945636623748211
0,Tuju Leviathan 2022,6.5,0.75,16.55,22.066666666666666,0.2945619335347432
0,Olaf Barrel Series Chocolate Cherry Stout,11.0,0.33,12.33,37.36363636363636,0.29440389294403896
0,Enate Chardonnay Barrica 2021,14.5,0.75,36.95,49.26666666666667,0.2943166441136671
0,Burmester Vintage Porto 2007,20.0,0.375,25.49,67.97333333333333,0.29423303256178895
0,Topper's Mountain Wild Ferment Tannat 2013,14.5,0.75,36.98,49.306666666666665,0.29407787993510004
0,Balvenie Week of Peat 14 Year Old Single Malt,48.3,0.7,114.99,164.27142857142857,0.294025567440647
0,La Roncaia Fusco Merlot 2017,14.5,0.75,36.99,49.32,0.2939983779399838
0,Laporte Sancerre les Garennes Terroir du Jurassique 2020,14.5,0.75,36.99,49.32,0.2939983779399838
0,Herència Altés La Serra Blanc 2020,14.5,0.75,36.99,49.32,0.2939983779399838
0,Hanssens Oude Gueuze,6.0,0.75,15.31,20.413333333333334,0.29392553886348793
0,Castelvecchio Carso Terrano 2019,12.5,0.75,31.90,42.53333333333333,0.2938871473354232
0,Compass Box The Peat Monster Cask Strength,56.7,0.7,135.09,192.9857142857143,0.2938041305796136
0,Domaine de Saint Paul Châteauneuf-du-Pape 2019,15.5,0.75,39.58,52.77333333333333,0.29370894391106617
0,Tornion Sini Bilberry Longdrink tölkki,5.0,0.33,5.62,17.03030303030303,0.29359430604982206
0,Mouressipe Tracassier,13.5,0.75,34.49,45.98666666666667,0.2935633516961438
0,Castelnau de Suduiraut Sauternes 2016,14.0,0.375,17.89,47.70666666666667,0.29346003353828953
0,Highland Park Viking Heart 15 Years Old Single Malt keraaminen pullo,44.0,0.7,104.99,149.9857142857143,0.29336127250214306
0,Domaine de Viviers Chablis 2020,12.5,0.375,15.98,42.61333333333334,0.29333541927409257
0,Domaine de la Rectorie Banyuls Rimage Thérèse Reig 2020,17.0,0.5,28.98,57.96,0.29330572808833677
0,Chiara Ziliani Conte di Provaglio Franciacorta Satèn Brut,12.5,0.75,31.98,42.64,0.29315196998123827
0,Cantina Chiara Ziliani Conte di Provaglio Rosé Franciacorta Brut,12.5,0.75,31.98,42.64,0.29315196998123827
0,Mehling Leinhöhle Erste Lage 2020,12.5,0.75,31.98,42.64,0.29315196998123827
0,Louis Jadot Chablis 2021,12.5,0.75,31.98,42.64,0.29315196998123827
0,Vale D. Maria VVV Valleys Tinto 2016,14.5,0.75,37.10,49.46666666666667,0.2931266846361186
0,Marchese Antinori Cuvée Royale Brut,12.5,0.75,32.00,42.666666666666664,0.29296875
0,Reyneke Biodynamic Chenin Blanc 2020,12.5,0.75,32.00,42.666666666666664,0.29296875
0,Pirkka Amarone della Valpolicella Classico 2015,15.0,0.75,38.42,51.22666666666667,0.2928162415408641
0,The Kurayoshi Pure Malt 8 Year Old,43.0,0.7,102.80,146.85714285714286,0.2928015564202335
0,Chateau Clarke 2011,13.5,0.75,34.60,46.13333333333333,0.29263005780346824
0,Valamo Luostariviski Heavily Peated Cask Strength Batch 2 Single Malt,58.5,0.5,99.97,199.94,0.2925877763328999
0,Timothy Taylor's Landlord Pale Ale,4.1,0.5,7.01,14.02,0.29243937232524964
0,Timothy Taylor's Landlord Dark Ale,4.1,0.5,7.01,14.02,0.29243937232524964
0,Chérie Biére Blanche à la Framboise,3.5,0.33,3.95,11.969696969696969,0.29240506329113924
0,Ste Michelle Eroica Riesling 2019,11.5,0.75,29.50,39.333333333333336,0.2923728813559322
0,Teiskon Viini Joiku 2021,12.0,0.5,20.55,41.1,0.291970802919708
0,Sori Vinum Maximus 2021,11.5,0.33,13.00,39.39393939393939,0.29192307692307695
0,Mouton Cadet Réserve Pauillac 2018,13.0,0.75,33.40,44.53333333333333,0.29191616766467066
0,Santa Sofia Recioto della Valpolicella Classico 2018,14.0,0.5,23.98,47.96,0.2919099249374479
0,Cantina Tramin Unterebner 2021,14.0,0.75,35.98,47.97333333333333,0.2918287937743191
0,Cantina Tramin Stoan 2021,14.0,0.75,35.98,47.97333333333333,0.2918287937743191
0,Morra Gabriele Barbera d'Alba 2021,14.0,0.75,35.98,47.97333333333333,0.2918287937743191
0,Clos Henri Pinot Noir 2016,14.0,0.75,35.98,47.97333333333333,0.2918287937743191
0,Attilio Ghisolfi Langhe Pinot Nero Pinay 2016,13.5,0.75,34.70,46.26666666666667,0.2917867435158501
0,Torres Salmos 2019,14.0,0.75,35.99,47.98666666666667,0.29174770769658237
0,Tenuta di Nozzole La Forra Chianti Classico Riserva 2019,14.0,0.75,36.00,48.0,0.2916666666666667
0,To Øl Pink Pop tölkki,4.5,0.44,6.79,15.431818181818182,0.2916053019145803
0,I Castei Amarone della Valpolicella Classico 2018 lahjapakkaus,15.5,0.75,39.89,53.18666666666667,0.2914264226623214
0,Domaine des Sénéchaux Châteauneuf-du-Pape 2019,15.5,0.75,39.89,53.18666666666667,0.2914264226623214
0,Kakola Atelier 26,6.6,0.75,16.99,22.653333333333332,0.2913478516774573
0,Rennersistas Waiting for Tom Rot 2017,12.0,0.75,30.90,41.199999999999996,0.29126213592233013
0,Rennersistas Waiting for Tom Weiss 2017,12.0,0.75,30.90,41.199999999999996,0.29126213592233013
0,Gianfranco Alessandria Barbera d'Alba Vittoria 2016,15.0,0.75,38.65,51.53333333333333,0.2910737386804657
0,Kokonoe Sakura Mirin 2020,14.0,0.3,14.44,48.13333333333333,0.29085872576177285
0,Domini Veneti Amarone della Valpolicella Biologico 2016,15.5,0.75,39.98,53.306666666666665,0.2907703851925963
0,Giuseppe Campagnola Amarone della Valpolicella Classico 2018,15.5,0.75,39.98,53.306666666666665,0.2907703851925963
0,Antiche Terre Venete Amarone Baorna 2017,15.5,3.0,159.98,53.32666666666666,0.29066133266658334
0,Topper's Mountain Gewürztraminer 2016,13.9,0.75,35.89,47.85333333333333,0.2904708832543884
0,Manousakis Nostos Alexandra's 2018,14.5,0.75,37.44,49.919999999999995,0.2904647435897436
0,Paul Blanck Patergarten Riesling 2017,12.5,0.75,32.30,43.06666666666666,0.29024767801857587
0,La Crema Sonoma Coast Chardonnay 2020,13.5,0.75,34.89,46.52,0.2901977644024075
0,Joseph Drouhin Rully Rouge 2018,13.5,0.75,34.89,46.52,0.2901977644024075
0,Serge Dagueneau Pouilly Fumé Tradition 2019,13.5,0.75,34.90,46.53333333333333,0.2901146131805158
0,Netzl Ried Altenberg Weissburgunder 2021,13.5,0.75,34.90,46.53333333333333,0.2901146131805158
0,Fleurie Terres Dorées 2022,13.5,0.75,34.90,46.53333333333333,0.2901146131805158
0,Gitton Père & Fils Sancerre Blanc Les Herses Silex 2021,13.5,0.75,34.97,46.626666666666665,0.2895338861881613
0,Bottega Petalo Moscato Spumante Dolce,6.5,0.2,4.49,22.45,0.289532293986637
0,Shaya Habis Verdejo Old Vines 2019,13.5,0.75,34.98,46.63999999999999,0.28945111492281306
0,Oremus Mandolás Tokaji Furmint 2019,13.5,0.75,34.98,46.63999999999999,0.28945111492281306
0,Reyneke Organic Cornerstone 2019,13.5,0.75,34.98,46.63999999999999,0.28945111492281306
0,Buena Vista North Coast Pinot Noir 2016,13.5,0.75,34.98,46.63999999999999,0.28945111492281306
0,Leyda Lot 8 Syrah 2020,13.5,0.75,34.98,46.63999999999999,0.28945111492281306
0,Raúl Pérez La Vizcaína Las Gundiñas 2020,13.5,0.75,34.99,46.653333333333336,0.2893683909688482
0,Raul Perez La Vizcaína La Poulosa 2020,13.5,0.75,34.99,46.653333333333336,0.2893683909688482
0,Dauphin de Grand Pontet 2014,13.5,0.75,35.01,46.68,0.2892030848329049
0,Mauro Veglio Cascina Nuova 2019,15.0,0.75,38.90,51.86666666666667,0.28920308483290486
0,Kerné Cidre Artisanal,4.5,0.25,3.89,15.56,0.28920308483290486
0,Lafontan 1981 Bas-Armagnac 1981,40.0,0.7,96.89,138.4142857142857,0.28898751161110536
0,Mallassepät Passion Fruit Smoothie Sour tölkki,5.2,0.33,5.94,18.0,0.2888888888888889
0,Jan Vidal Honor Pet Nat Brut Nature,10.0,0.75,25.98,34.64,0.28868360277136257
0,Jean Collet & Fils Chablis 2022,12.5,0.75,32.50,43.333333333333336,0.28846153846153844
0,Sonnisaari Käppänä Pale Ale,4.5,0.33,5.15,15.606060606060606,0.2883495145631068
0,Talisker 8 Year Old Special Release 2021 Single Malt,59.7,0.7,144.98,207.1142857142857,0.28824665471099464
0,Librandi Gravello Val di Neto 2015,14.0,0.75,36.45,48.6,0.28806584362139914
0,Remelluri Reserva 2015,14.0,0.75,36.45,48.6,0.28806584362139914
0,Mad Sweet by Tokaj Late Harvest 2018,11.5,0.375,14.98,39.946666666666665,0.2878838451268358
0,Chamlija Kalecik Karasi 2019,14.0,0.75,36.49,48.653333333333336,0.28775006851192103
0,Bottega Pink Gold Prosecco Rosé Brut 2019,11.5,0.75,29.98,39.973333333333336,0.28769179452968646
0,Dr. Pauly-Bergweiler Ürziger Würzgarten Riesling Trocken 2016,11.5,0.375,14.99,39.973333333333336,0.28769179452968646
0,1917 Gran Reserva Cava Brut Nature 2019,11.5,0.75,29.99,39.986666666666665,0.2875958652884295
0,Clemens Busch Riesling Vom Grauen Schiefer 2020,11.5,0.75,29.99,39.986666666666665,0.2875958652884295
0,Matyas Impressio 2022,12.0,0.75,31.31,41.74666666666666,0.28744809964867457
0,Bründlmayer Pinot Noir 2018,13.0,0.75,33.95,45.26666666666667,0.28718703976435933
0,Trenz Johannisberger Hölle 21 Riesling 2021,8.0,0.75,20.90,27.866666666666664,0.2870813397129187
0,Prinz Von Hessen Dachsfilet 2021,13.0,0.75,33.98,45.306666666666665,0.286933490288405
0,Joseph Faiveley Chardonnay 2021,13.0,0.75,33.98,45.306666666666665,0.286933490288405
0,Protos Reserva 2017,14.5,0.75,37.92,50.56,0.2867879746835443
0,Valamo Monastery Unpeated Oloroso Sherry Cask Matured Single Malt,50.2,0.5,87.53,175.06,0.2867588255455273
0,The Macallan A Night on Earth in Scotland Single Malt,43.0,0.7,104.98,149.9714285714286,0.28672128024385596
0,Little Wonder Cabernet Noir 2018,11.5,0.75,30.09,40.12,0.28664007976071787
0,Le Marchesine Artio Rosé Millesimato Franciacorta Brut 2018,13.0,0.75,34.05,45.4,0.28634361233480177
0,Siddùra Fòla Cannonau di Sardegna Riserva 2019,14.5,0.75,37.98,50.63999999999999,0.28633491311216436
0,Cafaggio Basilica del Cortaccio Cabernet Sauvignon 2017,14.5,0.75,37.98,50.63999999999999,0.28633491311216436
0,Jiménez-Landi Piélago 2018,14.5,0.75,37.99,50.653333333333336,0.2862595419847328
0,Xavier Gigondas 2019,14.5,0.75,37.99,50.653333333333336,0.2862595419847328
0,Brew By Numbers 55 DIPA tölkki,8.0,0.25,6.99,27.96,0.28612303290414876
0,Louers Vodka,40.0,1.0,139.89,139.89,0.2859389520337408
0,Balfour Luke's Pinot Noir 2020,12.5,0.75,32.79,43.72,0.2859103385178408
0,Maria Caterina Vino Nobile di Montepulciano 2019,14.5,0.75,38.10,50.800000000000004,0.2854330708661417
0,Koppitsch Perspektive Weiss 2018,12.5,0.75,32.86,43.81333333333333,0.2853012781497261
0,Baron-Fuenté Grande Réserve Champagne Brut,12.5,0.75,32.89,43.85333333333333,0.28504104591061113
0,Teerenpeli Vetehinen 10 Year Old Double Wood Amarone Cask Single Malt,46.0,0.5,80.71,161.42,0.2849708834097386
0,Robert Weil Kiedricher Riesling Trocken 2017,12.5,0.75,32.90,43.86666666666667,0.28495440729483285
0,Chambord Black Raspberry Liqueur,16.5,0.5,28.98,57.96,0.28467908902691513
0,Anderson Jean Ginie Tequila BA,7.9,0.33,9.16,27.757575757575758,0.2846069868995633
0,Domaine de Galuval La Vallée Cairanne Blanc 2019,14.0,0.75,36.90,49.199999999999996,0.28455284552845533
0,Markus Molitor Wehlener Sonnenuhr Riesling Spätlese 2011,12.0,0.75,31.65,42.199999999999996,0.28436018957345977
0,Baileys Original Irish Cream muovipullo,17.0,0.05,2.99,59.800000000000004,0.2842809364548495
0,Contadi Castaldi Franciacorta Brùt,12.5,0.75,32.98,43.97333333333333,0.2842631898120073
0,Domäne Wachau Riesling Amphora 2020,12.5,0.75,32.98,43.97333333333333,0.2842631898120073
0,Camille Braun Grand Cru Kaefferkopf Riesling 2018,14.0,0.75,36.95,49.26666666666667,0.2841677943166441
0,Chamlija Pa Pi Ka Papaskarasi Pinot Noir Kalecik Karasi 2019,14.0,0.75,36.95,49.26666666666667,0.2841677943166441
0,Hubert Lay RS Trocken S 2020,12.5,0.75,33.00,44.0,0.2840909090909091
0,Contino Reserva 2019,14.0,0.75,36.98,49.306666666666665,0.28393726338561387
0,Arizcuren Solo Mazuelo 2018,14.0,0.75,36.99,49.32,0.28386050283860503
0,Artemis Karamolegos Santorini 2021,14.0,0.75,36.99,49.32,0.28386050283860503
0,Ten Hands Shadow Puppets tölkki,6.0,0.33,6.98,21.151515151515152,0.2836676217765043
0,O/O Evergreen IPA Gluten free tölkki,6.0,0.33,6.98,21.151515151515152,0.2836676217765043
0,Villa Trasqua Trasgaia,14.0,18.0,889.72,49.42888888888889,0.28323517511127094
0,Scacciadiavoli Montefalco Sagrantino 2013,15.0,0.75,39.74,52.98666666666667,0.2830900855561147
0,Chateau Malmaison 2014,14.0,0.75,37.10,49.46666666666667,0.2830188679245283
0,Valduero Crianza Tierra Alta in 2 Maderas 2018,14.0,0.75,37.10,49.46666666666667,0.2830188679245283
0,Soerlie Extra,40.0,0.7,99.00,141.42857142857144,0.2828282828282828
0,Karam Saint John Rouge 2012,13.0,0.75,34.49,45.98666666666667,0.282690634966657
0,La Noblaie Pierre de Tuf 2020,13.5,0.75,35.83,47.77333333333333,0.2825844264582752
0,André Delorme Crémant de Bourgogne Brut Piccolo,12.0,0.2,8.50,42.5,0.2823529411764706
0,Castelvecchio Carso Vitovska 2021,12.0,0.75,31.90,42.53333333333333,0.2821316614420063
0,Rennersistas St.Laurent 2017,12.0,0.75,31.90,42.53333333333333,0.2821316614420063
0,Baumann-Zirgel Pinot Noir Pièce de Chêne 2019,13.5,0.75,35.89,47.85333333333333,0.28211200891613264
0,Hallonmäen Kuori Omenasiideri,5.0,0.33,5.85,17.727272727272727,0.28205128205128205
0,Moric Haus Marke Super Natural 2019,13.0,0.75,34.57,46.093333333333334,0.28203644778709863
0,Vollereaux Ratafia,18.0,0.7,44.70,63.85714285714287,0.2818791946308724
0,Joseph Scharsch Nuances de Gris 2022,13.0,0.75,34.60,46.13333333333333,0.2817919075144509
0,Verus Pinot Noir 2015,13.0,0.75,34.60,46.13333333333333,0.2817919075144509
0,Torii Mor Riesling 2015,14.0,0.75,37.28,49.70666666666667,0.28165236051502146
0,Farina Amarone della Valpolicella Classico 2020,15.0,0.75,39.95,53.26666666666667,0.2816020025031289
0,Les 3 Cellier Alchemie Châteauneuf du Pape 2020,15.0,0.75,39.95,53.26666666666667,0.2816020025031289
0,Kalleske Old Vine Single Vineyard Grenache 2019,15.0,0.75,39.95,53.26666666666667,0.2816020025031289
0,Verrocchio Amarone della Valpolicella Classico 2018,15.0,0.375,19.98,53.28,0.28153153153153154
0,Enate Merlot - Merlot 2015,15.0,0.75,39.96,53.28,0.28153153153153154
0,Robert de Pampignac Champagne Brut,12.0,0.75,31.98,42.64,0.28142589118198874
0,Loimer Grüner Veltliner mit Achtung 2015,13.5,0.75,35.98,47.97333333333333,0.28140633685380767
0,Casas del Bosque Pequeñas Producciones Sauvignon Blanc 2020,13.5,0.75,35.98,47.97333333333333,0.28140633685380767
0,Coral Duero Rompesedas 2018,15.0,0.75,39.98,53.306666666666665,0.28139069534767386
0,Dr. H. Thanisch Bernkasteler Riesling Kabinett Fruchtig 2021,7.5,0.75,19.99,26.653333333333332,0.28139069534767386
0,Nunzi Conti Chianti Classico Riserva 2018,15.0,0.75,39.98,53.306666666666665,0.28139069534767386
0,Gen One Red 2018,15.0,0.75,39.98,53.306666666666665,0.28139069534767386
0,Nivarius Valdesabril Viura 2019,13.5,0.75,35.99,47.98666666666667,0.2813281467074187
0,Camillo Donati Il Mio Ribelle Frizzante 2020,12.0,1.5,64.00,42.666666666666664,0.28125
0,Fraser Gallop Margaret River Parterre Chardonnay 2020,12.0,0.75,32.00,42.666666666666664,0.28125
0,Filippo Manetti Campaglione Bianco,12.0,0.75,32.00,42.666666666666664,0.28125
0,Alvinne Cuvée Jakub,7.0,0.33,8.22,24.90909090909091,0.28102189781021897
0,Stone Southern Charred 2015,12.7,0.5,22.63,45.26,0.28060097216084845
0,Meukow XO,40.0,0.7,99.90,142.71428571428572,0.2802802802802803
0,Terada Honke Katori Junmai Muroka Sake,15.0,0.72,38.55,53.541666666666664,0.2801556420233463
0,Vallein Tercinier XO,40.0,0.7,99.98,142.82857142857145,0.2800560112022404
0,Fratelli Berlucchi 25 Franciacorta Brut,12.5,0.375,16.74,44.63999999999999,0.28001792114695345
0,Smakbyns Ål-Meister Bongo,41.0,0.5,73.21,146.42,0.28001639120338756
0,Domaine d'Henri Chablis Saint-Pierre 2020,12.5,0.75,33.49,44.653333333333336,0.27993430874888026
0,Gorghi Tondi Kheirè 2019,13.0,0.75,34.84,46.45333333333334,0.2798507462686567
0,Gorghi Tondi Rajàh 2019,13.0,0.75,34.84,46.45333333333334,0.2798507462686567
0,Adroit Theory Shadow Settle Barleywine,12.0,0.65,27.90,42.92307692307692,0.2795698924731183
0,Tenuta la Gabbiola Chianti Classico Riserva 2019,14.5,0.75,38.90,51.86666666666667,0.2795629820051414
0,Penfolds Bin 2 Shiraz Mataro 2020,14.5,0.75,38.90,51.86666666666667,0.2795629820051414
0,Ruffino Riserva Ducale Oro Chianti Classico Gran Selezione 2018,14.5,0.75,38.90,51.86666666666667,0.2795629820051414
0,La Rioja Alta Viña Ardanza Reserva 2016,14.5,0.75,38.90,51.86666666666667,0.2795629820051414
0,Penfolds Bin 8 Cabernet Shiraz 2019,14.5,0.75,38.90,51.86666666666667,0.2795629820051414
0,Penfolds Bin 8 Shiraz Cabernet 2020,14.5,0.75,38.90,51.86666666666667,0.2795629820051414
0,Christophe Pichon Saint Joseph Blanc 2021,13.0,0.75,34.90,46.53333333333333,0.2793696275071633
0,Xavier Vins Cuvée Anonyme X Châteauneuf-du-Pape 2010,14.5,1.5,77.89,51.92666666666667,0.27923995378097316
0,Schmelzer Big Nature Rosé 2022,11.0,1.0,39.40,39.4,0.27918781725888325
0,Leeuwin Estate Art Series Margaret River Sauvignon Blanc 2021,13.0,0.75,34.97,46.626666666666665,0.2788104089219331
0,Seghesio Cortina Zinfandel 2018,15.0,0.75,40.35,53.800000000000004,0.27881040892193304
0,Schröder & Schÿler Private Selection Pauillac 2014,13.0,0.75,34.98,46.63999999999999,0.2787307032590052
0,Gen One White 2019,13.0,0.75,34.98,46.63999999999999,0.2787307032590052
0,Il Palagio Casino delle Vie 2017,13.0,0.75,34.98,46.63999999999999,0.2787307032590052
0,Shelter Pinot Noir 2018,13.0,0.75,34.99,46.653333333333336,0.2786510431551872
0,Pieropan La Rocca 2021,13.0,0.75,34.99,46.653333333333336,0.2786510431551872
0,Schloss Johannisberger Riesling Bronzelack Trocken 2021,13.0,0.75,34.99,46.653333333333336,0.2786510431551872
0,Terre del Barolo Biologico Barolo 2016,13.0,0.75,34.99,46.653333333333336,0.2786510431551872
0,Fen Jiu Qinghua 20,42.0,0.5,75.38,150.76,0.2785884850092863
0,Marqués de Cáceres Gran Reserva 2014,14.0,0.75,37.69,50.25333333333333,0.2785884850092863
0,Ota Sevcik Riesling 2020,12.5,0.75,33.68,44.906666666666666,0.27835510688836107
0,Ota Sevcik Frankovka 2020,12.5,0.75,33.68,44.906666666666666,0.27835510688836107
0,Ota Sevcik Neuburger 2020,12.5,0.75,33.68,44.906666666666666,0.27835510688836107
0,Bernhard Wineck-Schlossberg Grand Cru 2021,13.0,0.75,35.07,46.76,0.2780153977758768
0,La Rulles Rullquin,7.0,0.75,18.90,25.2,0.2777777777777778
0,Little Fred X,12.5,0.375,16.89,45.04,0.2775310834813499
0,Moric Haus Marke Supernatural 2021,13.5,0.75,36.50,48.666666666666664,0.2773972602739726
0,Calvet Réserve du Ciron Sauternes 2019,12.5,0.375,16.90,45.06666666666666,0.27736686390532544
0,Domaine Belle Crozes-Hermitage Les Terres Blanches 2022,14.0,0.75,37.90,50.53333333333333,0.2770448548812665
0,Bret Brothers Brouilly Cuvée Zen 2020,14.0,0.75,37.90,50.53333333333333,0.2770448548812665
0,Maison Roche de Bellene Pinot Noir 2019,12.5,0.75,33.85,45.13333333333333,0.27695716395864106
0,Rockmill Friend Or Foe,12.0,0.33,14.30,43.333333333333336,0.2769230769230769
0,Tornion Hilla Cloudberry Longdrink tölkki,5.0,0.33,5.96,18.06060606060606,0.27684563758389263
0,Le Bullet Champagne Brut,12.5,0.75,33.90,45.199999999999996,0.2765486725663717
0,Fat Lizard Fat Barrel Series 02 Kentucky Bourbon Imperial Stout,11.0,0.375,14.94,39.839999999999996,0.2761044176706828
0,Prantner Irsai Oliver 2021,12.0,0.75,32.60,43.46666666666667,0.2760736196319018
0,Mouton Cadet Réserve Sauternes  2020,12.5,0.375,16.99,45.306666666666665,0.275897586815774
0,William Fevre Chablis 2020,12.5,0.75,33.98,45.306666666666665,0.275897586815774
0,Compass Box Juveniles Blended Malt,46.0,0.7,116.71,166.72857142857143,0.27589752377688287
0,Nadal RNG Corpinnat Brut 2016,12.5,0.75,34.00,45.333333333333336,0.275735294117647
0,Fattoria di Pancole Baracca 1903 2016,14.0,0.75,38.10,50.800000000000004,0.2755905511811023
0,Karam Touriga Nacional 2017,14.0,0.75,38.10,50.800000000000004,0.2755905511811023
0,Domaine Arnoux Père et Fils Chorey-lès-Beaune 2020,14.0,0.75,38.10,50.800000000000004,0.2755905511811023
0,Insolente PR6 Bianco 2020,11.0,0.75,29.98,39.973333333333336,0.2751834556370914
0,Pansal del Calas 2013,16.5,0.5,29.98,59.96,0.2751834556370914
0,Clemens Busch Riesling Vom Roten Schiefer 2020,11.0,0.75,29.99,39.986666666666665,0.27509169723241084
0,Glenmorangie Extremely Rare 18 Year Old Single Malt,43.0,0.7,109.49,156.4142857142857,0.27491095077176
0,Chateau de Malengin Eve 2018,14.5,0.75,39.58,52.77333333333333,0.2747599797877716
0,Châteu Marsyas  2013,14.5,0.75,39.58,52.77333333333333,0.2747599797877716
0,Piedras de San Pedro Ribera Del Duero Reserva 2018,14.5,0.75,39.60,52.800000000000004,0.2746212121212121
0,Alessandro Rivetto Barbaresco 2018,14.5,0.75,39.60,52.800000000000004,0.2746212121212121
0,Le Brun Cidre Artisanal Rosé 4,4.0,0.75,10.93,14.573333333333332,0.2744739249771272
0,Steininger Grüner Veltliner Ried Kammerner Lamm 1ÖTW Reserve 2021,13.5,0.75,36.90,49.199999999999996,0.27439024390243905
0,Château de Plaisance Ronceray 2021,13.5,0.75,36.90,49.199999999999996,0.27439024390243905
0,FJ Regnery Klüsserather Bruderschaft Im Barrique Gereift Trocken Pinot Noir 2020,13.5,0.75,36.90,49.199999999999996,0.27439024390243905
0,Domaine du Vieux Lazaret Châteauneuf-du-Pape 2022,13.5,0.75,36.90,49.199999999999996,0.27439024390243905
0,Chateau Fuissé Saint-Veran 2021,13.0,0.75,35.55,47.4,0.2742616033755274
0,Controversy Pinot Meunier Rosé 2019,11.0,0.75,30.09,40.12,0.2741774675972084
0,Les Brugueres Blanc 2021,13.5,0.75,36.93,49.24,0.27416734362307066
0,Clos Henri La Chapelle Blanc de Noir Extra Brut,12.5,0.75,34.21,45.61333333333334,0.27404267757965506
0,Domaine Marcel Deiss Riesling 2020,13.5,0.75,36.95,49.26666666666667,0.27401894451962105
0,Finca Casa Julia Albariño 2021,13.5,0.75,36.99,49.32,0.2737226277372263
0,Domaine De Montgilet Les Yvonnais 2016,13.0,0.75,35.62,47.49333333333333,0.2737226277372263
0,Cloudy Bay Chardonnay 2021,13.5,0.75,36.99,49.32,0.2737226277372263
0,FJ Regnery Klüsserather Bruderschaf Alte Reben Riesling 2022,12.0,0.75,32.90,43.86666666666667,0.2735562310030395
0,M. Haslinger & Fils Champagne Brut,12.0,0.75,32.90,43.86666666666667,0.2735562310030395
0,André Legrand Champagne Brut,12.0,0.75,32.99,43.98666666666667,0.2728099424067899
0,Saint-Maurice Champagne Brut,12.0,0.75,32.99,43.98666666666667,0.2728099424067899
0,Motor City Kitty Syrah 2016,14.5,0.75,39.89,53.18666666666667,0.27262471797442966
0,De Loach Russian River Chardonnay 2016,14.5,0.75,39.89,53.18666666666667,0.27262471797442966
0,Bizoe Henriëtta 2018,12.0,0.75,33.02,44.02666666666667,0.2725620835857056
0,Thornbridge Necessary Evil Caribbean Rum Barrel Aged Stout,13.0,0.375,17.89,47.70666666666667,0.27249860257126884
0,Thornbridge Necessary Evil Calvados Barrel Aged Stout,13.0,0.375,17.89,47.70666666666667,0.27249860257126884
0,Thornbridge Necessary Evil Pedro Ximènez Barrel Aged Stout,13.0,0.375,17.89,47.70666666666667,0.27249860257126884
0,Thornbridge Necessary Evil Triple Sec Barrel Aged Stout,13.0,0.375,17.89,47.70666666666667,0.27249860257126884
0,Thornbridge Necessary Evil English Whisky Barrel Aged Imperial Stout,13.0,0.375,17.90,47.73333333333333,0.27234636871508383
0,Château Roumieu 2020,13.0,0.375,17.90,47.73333333333333,0.27234636871508383
0,Damilano Lecinquevigne Barolo 2017,14.5,0.75,39.95,53.26666666666667,0.2722152690863579
0,Cantina Tramin Nussbaumer 2021,14.5,0.75,39.98,53.306666666666665,0.27201100550275137
0,Hans Family Estate Tempranillo 2014,14.5,0.75,39.98,53.306666666666665,0.27201100550275137
0,Frescobaldi Castelgiocondo Brunello di Montalcino 2018 lahjapakkaus,14.5,0.75,39.98,53.306666666666665,0.27201100550275137
0,La Roncaia Refosco 2017,14.5,0.75,39.98,53.306666666666665,0.27201100550275137
0,El Esteco Altimus 2015,14.5,0.75,39.98,53.306666666666665,0.27201100550275137
0,Rust En Vrede Estate  2020,14.5,0.75,39.98,53.306666666666665,0.27201100550275137
0,Don Tommaso Chianti Classico Gran Selezione 2018,14.5,0.75,39.98,53.306666666666665,0.27201100550275137
0,Silvio Grasso Barolo 2019,14.5,0.375,19.99,53.306666666666665,0.27201100550275137
0,Penfolds Bin 28 Shiraz 2020,14.5,0.75,39.98,53.306666666666665,0.27201100550275137
0,Fontanafredda Monforte d'Alba Barolo 2018,14.5,0.75,39.98,53.306666666666665,0.27201100550275137
0,Gorghi Tondi Segreante 2018,14.5,0.75,40.03,53.373333333333335,0.2716712465650762
0,Gorghi Tondi Sorante 2018,14.5,0.75,40.03,53.373333333333335,0.2716712465650762
0,United Gypsies Pink Ballerina Räspberry Gose 2021 tölkki,4.0,0.33,4.86,14.727272727272728,0.2716049382716049
0,Rooster's Wild Wild Life,7.4,0.375,10.22,27.253333333333334,0.27152641878669276
0,Oud Beersel Oude Geuze Vieille,6.5,0.375,8.98,23.94666666666667,0.2714365256124721
0,Kasnyik Orange Welschriesling 2021,12.5,0.75,34.56,46.080000000000005,0.2712673611111111
0,Teerenpeli 10 Year Old Single Malt,43.0,0.5,79.30,158.6,0.27112232030264816
0,Joseph Faiveley Pinot Noir 2021,13.0,0.75,35.98,47.97333333333333,0.2709838799332963
0,Domaine Raffaitin-Planchon Sancerre Les Griottes 2019,13.0,0.75,35.98,47.97333333333333,0.2709838799332963
0,Rimapere Plot 101 Sauvignon Blanc 2021,13.0,0.75,35.98,47.97333333333333,0.2709838799332963
0,Glenmorangie A Tale Of Forest Single Malt,46.0,0.7,118.90,169.8571428571429,0.2708158116063919
0,André & Edmond Figeat Cuvée Prestige Pouilly-Fumé 2018,13.5,0.75,37.39,49.85333333333333,0.27079433003476866
0,Tilquin Oude Gueuze,7.0,0.75,19.41,25.88,0.27047913446676974
0,Kleinood Tamboerskloof Mourvèdre (meevaller) 2019,14.5,0.75,40.21,53.61333333333334,0.2704551106689878
0,Sonnisaari Vattu Raspberry Sour,4.8,0.33,5.86,17.757575757575758,0.27030716723549486
0,Avondale Samsara Syrah 2014,14.0,0.75,38.90,51.86666666666667,0.2699228791773779
0,Recaredo Relats de Viticultors Corpinnat Brut Nature 2019,11.5,0.75,31.98,42.64,0.2696998123827392
0,Empirical Spirits Ayuuk 2020,43.0,0.5,79.76,159.52,0.26955867602808425
0,Trenel Pouilly-Vinzelles Climat Les Quarts 2019,14.0,0.75,38.99,51.98666666666667,0.26929982046678635
0,Kentucky Owl Takumi Edition,50.0,0.7,129.99,185.70000000000002,0.2692514808831448
0,Francois Mikulski Crémant de Bourgogne Brut,12.5,0.75,34.82,46.42666666666667,0.2692418150488225
0,Kakola Atelier 10,6.5,0.33,7.98,24.181818181818183,0.268796992481203
0,Bouchard Monthélie 2018,12.5,0.75,34.89,46.52,0.2687016337059329
0,Château Minuty Rose et Or 2022,12.5,0.75,34.90,46.53333333333333,0.2686246418338109
0,Mas Combarèla Ode Aux Ignorants 2019,14.5,0.75,40.49,53.98666666666667,0.2685848357619165
0,Kåska Casual Spirit,15.0,0.5,27.95,55.9,0.26833631484794274
0,Westward Single Barrel Selection VYS Stout Cask Finish Single Malt,57.5,0.7,150.00,214.2857142857143,0.2683333333333333
0,Dourakis Kudos Kotsifali Syrah 2020,13.0,0.75,36.36,48.48,0.26815181518151815
0,Ixsir Altitudes Red 2012,13.5,0.75,37.77,50.36000000000001,0.26806989674344717
0,Kopke 20 Years Old Tawny,20.0,0.375,27.98,74.61333333333333,0.26804860614724807
0,Contadi Castaldi Rosé Franciacorta Brut,12.5,0.75,34.98,46.63999999999999,0.2680102915951973
0,Château de Plaisance Cremant de Loire Brut Nature 2020,12.5,0.75,34.98,46.63999999999999,0.2680102915951973
0,Baumann-Zirgel Crémant d'Alsace Blanc de Blancs Brut,12.5,0.75,34.98,46.63999999999999,0.2680102915951973
0,Cuvée de Purcari Brut 2018,12.5,0.75,34.98,46.63999999999999,0.2680102915951973
0,Berlucchi '61 Franciacorta Rosé Brut,12.5,0.75,34.99,46.653333333333336,0.2679336953415261
0,Bret Brothers Macon-Igé Climat “Les Vernayes” 2021,12.5,0.75,34.99,46.653333333333336,0.2679336953415261
0,Bauchet Origine Champagne Brut,12.5,0.75,34.99,46.653333333333336,0.2679336953415261
0,Villa Crespia Millè Franciacorta Brut 2016,12.5,0.75,34.99,46.653333333333336,0.2679336953415261
0,Dönnhoff Kreuznacher Kahlenberg VDP Erste Lage Riesling Trocken 2021,12.5,0.75,34.99,46.653333333333336,0.2679336953415261
0,Matsu El Viejo 2020,15.0,0.75,41.99,55.98666666666667,0.2679209335556085
0,Cantina Kaltern Brut Nature 2013,13.0,0.75,36.45,48.6,0.2674897119341564
0,Guerrieri Rizzardi 3 Cru Amarone della Valpolicella Classico 2018,16.0,0.75,44.90,59.86666666666667,0.26726057906458794
0,Elio Grasso Educato Langhe Chardonnay 2021,14.0,0.75,39.30,52.4,0.26717557251908397
0,Kamara Nimbus Albus 2020,12.5,0.75,35.09,46.78666666666667,0.2671701339412938
0,Château de Pierreclos Saint-Véran au Grand Bussiere 2020,13.0,0.75,36.50,48.666666666666664,0.2671232876712329
0,Benjamin Bridge NV Brut,11.5,0.75,32.32,43.093333333333334,0.26686262376237624
0,Tiffon Chateau de Triac Reserve de la Famille,40.0,0.2,29.99,149.95,0.26675558519506504
0,Braastad XO Superior,40.0,0.7,104.99,149.9857142857143,0.2666920659110391
0,Brancamenta 3-pack,28.0,0.06,6.30,105.0,0.26666666666666666
0,Brancamenta,28.0,0.02,2.10,105.0,0.26666666666666666
0,Valamo Monastery Whisky Unpeated Batch #1 Single Malt,47.0,0.5,88.13,176.26,0.26665153750141835
0,Mullineux Old Vines White 2021,13.5,0.75,37.99,50.653333333333336,0.2665175046064754
0,Cipes Brut,12.5,0.75,35.18,46.906666666666666,0.2664866401364412
0,Oban 10 Year Old Special Release 2022 Single Malt,57.1,0.7,149.99,214.2714285714286,0.26648443229548635
0,Torbreck The Steading Blanc 2020,13.5,0.75,38.02,50.693333333333335,0.2663072067332983
0,Delamain XO Pale & Dry Grande Champagne,42.0,0.5,79.00,158.0,0.26582278481012656
0,Domaine Laroche Chablis 1er Cru Les Vaudevey 2021,12.0,0.75,33.90,45.199999999999996,0.26548672566371684
0,Nittnaus Elektra 2022,12.5,0.75,35.33,47.10666666666666,0.26535522219077273
0,Château Bellevue Figeac 2019,14.0,0.75,39.58,52.77333333333333,0.2652854977261243
0,G.H. Martel & Co Prestige Champagne Brut,12.0,0.75,33.98,45.306666666666665,0.26486168334314303
0,Piri Naturel Weissburgunder 2020,12.0,0.75,34.00,45.333333333333336,0.2647058823529412
0,Schmelzer Dion Pet Nat 2022,12.0,0.75,34.00,45.333333333333336,0.2647058823529412
0,Chimay Grande Reserve Oak Aged 2019,10.5,0.375,14.89,39.70666666666667,0.2644392209536601
0,Bache Gabrielsen Aged 19 Years  Vintage 2002,47.2,0.7,124.98,178.54285714285717,0.2643622979676748
0,Domini Veneti Amarone Della Valpolicella Classico 2020,15.5,0.75,43.99,58.653333333333336,0.26426460559218
0,Joseph Drouhin Rully 2021,13.0,0.75,36.90,49.199999999999996,0.2642276422764228
0,Neumeister Ried Klausen 1STK Sauvignon Blanc 2020,13.0,0.75,36.90,49.199999999999996,0.2642276422764228
0,Valduero Tierra Alta en 2 Maderas Crianza 2018,14.0,0.375,19.87,52.98666666666667,0.2642174131857071
0,Valduero Una Cepa 2016,14.0,0.75,39.74,52.98666666666667,0.2642174131857071
0,Apeca Euforia Brut 2020,12.5,0.75,35.49,47.32,0.26415891800507185
0,Kamara Shadow Play 2017,13.5,0.75,38.41,51.21333333333333,0.2636032283259568
0,Amélie & Charles Sparr Riesling Altenbourg 2020,13.0,0.75,36.99,49.32,0.2635847526358475
0,Antica Fratta Franciacorta Essence Rose Brut 2015,13.0,0.75,36.99,49.32,0.2635847526358475
0,Henri Milan Papillon Blanc 2022,12.5,0.75,35.60,47.46666666666667,0.26334269662921345
0,Frapin Château Fontpinot XO,41.0,0.7,109.00,155.71428571428572,0.26330275229357797
0,Sokol Blosser Dundee Hills Estate Pinot Noir 2018,14.0,0.75,39.89,53.18666666666667,0.26322386563048383
0,Habla No. 26 Syrah 2019,14.0,0.75,39.90,53.199999999999996,0.26315789473684215
0,Rupert & Rothschild Vignerons Baroness Nadine Chardonnay 2021,14.0,0.75,39.90,53.199999999999996,0.26315789473684215
0,Habla No. 27 Cabernet Franc 2019,14.0,0.75,39.90,53.199999999999996,0.26315789473684215
0,Palmento Costanzo Nero Di Sei Etna Rosso 2017,14.0,0.75,39.90,53.199999999999996,0.26315789473684215
0,Rohozec Pomelo Citrus Maxima,2.2,0.5,4.18,8.36,0.26315789473684215
0,Isole e Olena Chianti Classico 2020,14.0,0.375,19.95,53.199999999999996,0.26315789473684215
0,Habla No. 28 Tempranillo 2019,14.0,0.75,39.90,53.199999999999996,0.26315789473684215
0,Caprili Brunello di Montalcino 2018,14.0,0.75,39.92,53.22666666666667,0.26302605210420843
0,Nederburg The Winemasters Noble Late Harvest 2022,10.5,0.375,14.98,39.946666666666665,0.2628504672897196
0,Fat Lizard Fat Barrel Series 03 Woodsmoke French Oak & New American Oak Imperial Stout,10.5,0.375,14.98,39.946666666666665,0.2628504672897196
0,Allegrini La Grola 2020,14.0,0.75,39.95,53.26666666666667,0.26282853566958697
0,Guido Rivella Langhe Nebbiolo 2019,14.0,0.75,39.95,53.26666666666667,0.26282853566958697
0,Rimapere Pinot Noir  2018,13.0,0.75,37.10,49.46666666666667,0.2628032345013477
0,Bruno 2010,12.5,0.75,35.69,47.586666666666666,0.2626786214625946
0,Banfi Rosa Regale Brachetto d'Acqui 2022,7.0,0.75,19.99,26.653333333333332,0.26263131565782893
0,Domaine Capelanel Amphût 2015,14.0,0.75,39.98,53.306666666666665,0.26263131565782893
0,Petit Verdot by Belle-Vue 2019,14.0,0.75,39.98,53.306666666666665,0.26263131565782893
0,Domaine Capelanel Cuvée Titouan 2014,14.0,0.75,39.98,53.306666666666665,0.26263131565782893
0,Talbott Sleepy Hollow Vineyard Chardonnay 2019,14.0,0.75,39.98,53.306666666666665,0.26263131565782893
0,VIK A 2020,14.0,0.75,39.98,53.306666666666665,0.26263131565782893
0,Essenze Barolo di Barolo 2015,14.0,0.75,39.98,53.306666666666665,0.26263131565782893
0,Hans Herzog Secret of Marlborough  2014,14.0,0.75,39.98,53.306666666666665,0.26263131565782893
0,Hans Family Estate Zweigelt 2014,14.0,0.75,39.98,53.306666666666665,0.26263131565782893
0,Borgogno No Name Nebbiolo 2020,14.0,0.75,39.98,53.306666666666665,0.26263131565782893
0,Château Grange-Neuve 2018,14.0,0.75,39.98,53.306666666666665,0.26263131565782893
0,Imperial Reserva 2017,14.0,0.75,39.98,53.306666666666665,0.26263131565782893
0,Au Bon Climat Santa Barbara County Pinot Noir 2021,14.0,0.75,39.99,53.32,0.2625656414103526
0,Chateau La Grace Fonrazade Persevero 2019,14.0,0.75,40.00,53.333333333333336,0.2625
0,Dugges Blackcurrant Organic Nordic Sour tölkki,4.5,0.33,5.66,17.151515151515152,0.2623674911660777
0,Els Vinyerons Saltamarti 2019,12.0,0.75,34.32,45.76,0.26223776223776224
0,K The Deal Syrah 2017,15.0,0.75,42.90,57.199999999999996,0.26223776223776224
0,Hallonmäen Hallon Vadelma-Omenasiideri,5.3,0.33,6.67,20.21212121212121,0.26221889055472264
0,Baricchi Luna Bianca,12.0,0.75,34.35,45.800000000000004,0.26200873362445415
0,Abadia Retuerta Seleccion Especial 2019,15.0,0.75,42.99,57.32,0.26168876482903003
0,Luca Bosio Moscato d'Asti 2020,5.5,0.75,15.77,21.026666666666667,0.261572606214331
0,Milan Nestarec Juicy Fruit 2018,12.5,0.75,35.90,47.86666666666667,0.26114206128133705
0,Ixsir Grande Réserve Rosé 2019,14.0,0.75,40.22,53.626666666666665,0.2610641471904525
0,Birgit Eichinger Ried Zöbinger Gaisberg 1ÖTW Riesling Trocken 2018,13.0,0.75,37.37,49.82666666666666,0.2609044688252609
0,Johannishof Johannisberger Auf der Höll Riesling Trocken VDP Erste Lage 2019,11.0,0.375,15.82,42.18666666666667,0.2607458912768647
0,Alice Bardot Cuvée Grande Reserve Champagne Brut,12.5,0.375,17.98,47.946666666666665,0.260706340378198
0,Contadi Castaldi Franciacorta Brut,12.5,0.375,17.98,47.946666666666665,0.260706340378198
0,Josefina Piñol Vi Dolc Bianco 2016,15.0,0.5,28.77,57.54,0.26068821689259647
0,Louis Massing Grande Réserve Symbiopsis Champagne Brut,12.5,0.75,35.97,47.96,0.26063386155129276
0,Château Fourcas Hosten 2012,12.5,0.75,35.98,47.97333333333333,0.2605614230127849
0,Domini Veneti Recioto della Valpolicella 2017,12.5,0.5,23.99,47.98,0.26052521884118385
0,Charles Mignon Premium Réserve Rosé Champagne Brut,12.5,0.75,35.99,47.98666666666667,0.2604890247290914
0,Autréau de Champillon Premier Cru Champagne Brut,12.5,0.75,35.99,47.98666666666667,0.2604890247290914
0,Frescobaldi Leonia Pomino Brut 2017,12.5,0.75,36.00,48.0,0.2604166666666667
0,Fat Lizard Fat Barrel Series 01 Dark Gin New American Oak Imperial Stout,10.4,0.375,14.99,39.973333333333336,0.2601734489659773
0,Tuju Phobos 2023 2023,6.0,0.75,17.30,23.066666666666666,0.26011560693641617
0,Constantia Glen Five 2019,14.5,0.75,41.81,55.74666666666667,0.26010523798134416
0,Vintage Bell Cabernet Sauvignon 2017,14.0,0.75,40.38,53.84,0.26002971768202077
0,Pouilly-Fumé La Demoiselle de Bourgeois 2017,13.0,0.75,37.50,50.0,0.26
0,Selbach-Oster Spätburgunder Trocken 2020,12.5,0.75,36.07,48.093333333333334,0.25991128361519267
0,Frank Cornelissen Susucaru Rosso 2022,13.0,0.75,37.52,50.02666666666667,0.25986140724946694
0,Forge Cellars Dry Riesling 2018,13.0,0.75,37.52,50.02666666666667,0.25986140724946694
0,Mullineux Syrah 2019,13.5,0.75,38.99,51.98666666666667,0.2596819697358297
0,Laporte Sancerre Les Royaux 2019,13.5,0.75,38.99,51.98666666666667,0.2596819697358297
0,Fontanasanta Manzoni Bianco 2022,12.5,0.75,36.12,48.16,0.2595514950166113
0,Lervig Salted Rhubarb Vanilla Sour Cream Crumble tölkki,3.5,0.33,4.45,13.484848484848484,0.2595505617977528
0,Wynns Coonawarra Estate Black Label Cabernet Sauvignon 2019,13.8,0.75,39.89,53.18666666666667,0.2594635246929055
0,Porto Gran Cruz Aged 20 Years,20.0,0.75,57.90,77.2,0.25906735751295334
0,Ultimate Provence Rosé Jeroboam 2021,12.5,3.0,144.90,48.300000000000004,0.25879917184265006
0,Villa Maria Seddon Vineyard Pinot Noir 2019,12.5,0.75,36.29,48.38666666666666,0.25833562965004137
0,Velenosi Visciole Querciantica,13.5,0.5,26.14,52.28,0.2582249426166794
0,Soryu Koshu Curious 2018,12.0,0.75,34.86,46.48,0.25817555938037867
0,Alias Branco 2015,11.0,0.75,31.96,42.61333333333334,0.2581351689612015
0,Pago de Tharsys Millésime Barrica Reserva Cava Brut Nature 2020,12.0,0.75,34.90,46.53333333333333,0.25787965616045844
0,Torelló Tradicional Corpinnat Brut Nature 2015,12.0,0.75,34.90,46.53333333333333,0.25787965616045844
0,Lecomte Pere & Fils Champagne  Brut Tradition,12.0,0.75,34.90,46.53333333333333,0.25787965616045844
0,Zenato Amarone della Valpolicella Classico 2018,16.5,0.75,47.99,63.98666666666667,0.2578662221296103
0,Piri Naturel Mathilda 2020,11.0,0.75,32.00,42.666666666666664,0.2578125
0,Camin Larredya La Virada 2017,14.5,0.75,42.21,56.28,0.2576403695806681
0,Gimme Gimme Gimme Riesling 2020,12.0,0.75,34.97,46.626666666666665,0.2573634543894767
0,Musa Peste & Cidra,4.0,0.33,5.13,15.545454545454545,0.2573099415204678
0,Parés Baltà Cusiné Blanca Cava Brut Nature Organic 2012,12.0,0.75,34.98,46.63999999999999,0.2572898799313894
0,Volpe Pasini Zuc di Volpe Sauvignon 2021,13.0,0.75,37.90,50.53333333333333,0.25725593667546176
0,Balfour 1503 Rose Dry,12.0,0.75,34.99,46.653333333333336,0.2572163475278651
0,Gramona Imperial Corpinnat Brut 2018,12.0,0.75,35.00,46.666666666666664,0.2571428571428572
0,Montresor Amarone della Valpolicella 2020,15.0,0.375,21.90,58.4,0.2568493150684932
0,Boon Oude Kriek,6.5,0.375,9.49,25.30666666666667,0.2568493150684931
0,Gustave Lorentz Grand Cru Kanzlerberg Riesling 2019,13.0,0.75,37.98,50.63999999999999,0.25671406003159564
0,Matsu La Jefa 2019,13.0,0.75,37.98,50.63999999999999,0.25671406003159564
0,La Mascaronne Fazioli 2012,13.5,1.5,79.00,52.666666666666664,0.25632911392405067
0,Campillo 57 Gran Reserva 2013,14.5,0.75,42.50,56.666666666666664,0.2558823529411765
0,Château Clarke Le Merle Blanc 2022,13.5,0.75,39.58,52.77333333333333,0.255811015664477
0,Château de Plaisance La Grande Piece 2020,15.0,0.75,43.99,58.653333333333336,0.2557399408956581
0,Torbreck The Steading 2018,15.0,0.75,43.99,58.653333333333336,0.2557399408956581
0,The Glenrothes 2006 Single Cask #5463 Nordic Edition 2021 Single Malt,66.3,0.7,181.50,259.2857142857143,0.255702479338843
0,Octomore 12.1 Single Malt,59.9,0.7,164.00,234.2857142857143,0.255670731707317
0,Octomore 11.1 Single Malt,59.4,0.7,162.90,232.71428571428575,0.25524861878453037
0,Inama Foscarino 2019,12.5,0.75,36.75,49.0,0.25510204081632654
0,Paul Blanck Riesling Rosenbourg 2020,12.5,0.75,36.77,49.02666666666667,0.25496328528691864
0,Merlet XO,40.0,0.2,31.41,157.04999999999998,0.2546959567016874
0,Glenfiddich 18 Year Old Single Malt,40.0,0.7,109.99,157.12857142857143,0.25456859714519503
0,Mallaskoski Jeriko Framboise Wild Sour Ale,6.4,0.75,18.89,25.186666666666667,0.25410269984118583
0,Fantini Edizione 19 Cinque Autoctoni 2018,14.5,1.5,85.60,57.06666666666666,0.254088785046729
0,Fattoria San Lorenzo Paradiso 2012,13.5,0.75,39.86,53.14666666666667,0.25401404917210235
0,Mionetto di Cartizze Prosecco Dry,11.0,0.75,32.48,43.306666666666665,0.2540024630541872
0,FJ Regnery Klüsserather Bruderschaf Mineralquadrat Feinherb Riesling 2021,11.0,0.75,32.50,43.333333333333336,0.25384615384615383
0,Fongoli Laetitia Frizzante 2019,11.5,0.75,33.98,45.306666666666665,0.2538257798705121
0,Duckhorn Napa Valley Chardonnay 2021,14.5,0.75,42.90,57.199999999999996,0.2534965034965035
0,Churchill's Estates Grafite Grande Reserva 2014,14.5,0.75,42.90,57.199999999999996,0.2534965034965035
0,Knoll Ried Trum Grüner Veltliner Federspiel 2021,12.5,0.75,36.99,49.32,0.25344687753446876
0,Wine & Soul Guru 2020,12.5,0.75,36.99,49.32,0.25344687753446876
0,Bruno Rocca Fralu Nebbiolo 2019,14.0,0.75,41.44,55.25333333333333,0.2533783783783784
0,Planeta Chardonnay 2020,13.5,0.75,39.98,53.306666666666665,0.25325162581290644
0,Zenato Lugana Riserva 2020,13.5,0.75,39.98,53.306666666666665,0.25325162581290644
0,de Ladoucette Pouilly-Fumé 2022,13.5,0.75,39.98,53.306666666666665,0.25325162581290644
0,Neiss Glockenspiel Spätburgunder Kindenheimer Vogelsang 2016,13.5,0.75,39.98,53.306666666666665,0.25325162581290644
0,Maison Sinnae Les Traverses Gigondas 2021,14.5,0.75,42.99,57.32,0.2529658060013957
0,Valamo Monastery Church Wine Cask Single Malt,47.0,0.5,92.94,185.88,0.2528513019152141
0,Kakola Atelier 36 Sparkling Ale,5.6,0.75,16.62,22.16,0.2527075812274368
0,Sourdet - Diot Champagne Brut,12.5,0.75,37.10,49.46666666666667,0.2526954177897574
0,Dangin-Fays Champagne Brut,12.0,0.75,35.66,47.54666666666666,0.25238362310712287
0,Château Pesquié Artemia 2018,13.5,0.75,40.12,53.49333333333333,0.2523678963110668
0,Bruno Rocca Cadet Chardonnay 2019,13.0,0.75,38.64,51.52,0.2523291925465838
0,Bushmills 16 Year Old Single Malt,40.0,0.7,110.98,158.54285714285714,0.2522977112993332
0,Lindemans Oude Gueuze Cuvée René,6.0,0.375,8.92,23.786666666666665,0.2522421524663677
0,Ad Fines 2013,12.5,0.75,37.17,49.56,0.2522195318805488
0,Gonzalez Byass Del Duque Amontillado Sherry,21.5,0.375,31.98,85.28,0.2521106941838649
0,Gran Cruz Porto Colheita 2011,20.0,0.75,59.50,79.33333333333333,0.25210084033613445
0,Metté Liqueur de Safran,25.0,0.5,49.64,99.28,0.2518130539887188
0,Emilio Moro Malleolus 2020,15.0,0.75,44.70,59.6,0.25167785234899326
0,Bolla Le Origini Amarone della Valpolicella Riserva 2013,16.0,0.75,47.70,63.6,0.25157232704402516
0,The Macallan Classic Cut 2023 Single Malt,50.3,0.7,140.00,200.0,0.2515
0,Latourba Unique Brut,12.5,0.75,37.28,49.70666666666667,0.251475321888412
0,Gini Sorai Bianco 2016,13.0,0.75,38.83,51.77333333333333,0.2510945145506052
0,Gini Maciete Fumé Sauvignon 2016,13.0,0.75,38.83,51.77333333333333,0.2510945145506052
0,Hallonmäen Vattu Karhunvadelmakuohu 2020,10.0,0.75,29.87,39.82666666666667,0.25108804820890523
0,Fratelli Pardi Sagrantino di Montefalco 2016,15.5,0.375,23.15,61.73333333333333,0.25107991360691145
0,Koppitsch Perspektive Rot 2020,11.0,0.75,32.86,43.81333333333333,0.25106512477175896
0,Bernard Robert Réserve Champagne Brut,12.0,0.75,35.90,47.86666666666667,0.25069637883008355
0,Louis Latour Côte de Beaune Villages 2019,13.0,0.75,38.90,51.86666666666667,0.2506426735218509
0,Bottega Brunello di Montalcino 2015,15.0,0.75,44.89,59.85333333333333,0.2506126085987971
0,Chateau Maucoil Chateauneuf-du-Pape Tradition 2020,15.0,0.75,44.90,59.86666666666667,0.2505567928730512
0,Apotheke Riesling Auslese 2021,7.5,0.5,14.98,29.96,0.25033377837116155
0,Brutalis 2018,15.0,0.75,44.95,59.93333333333334,0.25027808676307006
0,Domaine Belle Crozes-Hermitage Cuvée Louis Belle 2020,15.0,0.75,44.95,59.93333333333334,0.25027808676307006
0,Gancia Cuvée 36 Mesi Alta Langa Brut 2015,12.0,0.75,35.98,47.97333333333333,0.2501389660922735
0,Château de Coing de St. Fiacre Comte de Saint Hubert Muscadet Sèvre et Maine 2015,12.0,0.75,35.98,47.97333333333333,0.2501389660922735
0,Kukkula Vaalea 2017,14.0,0.75,41.98,55.97333333333333,0.2501191043353978
0,Boffa Barbaresco Pajè 2018,14.0,0.75,41.98,55.97333333333333,0.2501191043353978
0,Masi Angelorum Recioto Classico 2018,14.0,0.375,20.99,55.97333333333333,0.2501191043353978
0,St. Stephan's Crown Tokaji Aszú 5 Puttonyos 2014,11.0,0.5,21.99,43.98,0.2501136880400182
0,Masi Costasera Amarone Classico 2018,15.0,0.75,44.98,59.97333333333333,0.2501111605157848
0,Recaredo Intens Rosat Corpinnat Brut Nature 2017,12.0,0.75,35.99,47.98666666666667,0.2500694637399277
0,Filippo Manetti Gea Bianco,12.5,0.75,37.49,49.98666666666667,0.25006668444918645
0,Penfolds Bin 311 Chardonnay 2020,13.0,0.75,38.99,51.98666666666667,0.250064119004873
0,Ferraton Châteauneuf-du-Pape 2019,15.0,0.75,44.99,59.98666666666667,0.25005556790397865
0,Bauchet Origine Champagne Brut Magnum,12.5,1.5,74.99,49.99333333333333,0.25003333777837045
0,Panizzi Ermius Pinot Nero 2019,14.5,0.75,43.50,58.0,0.25
0,Ferghettina Franciacorta Brut,12.5,0.75,37.50,50.0,0.25
0,Philippe & Sylvain Ravier Chignin-Bergeron La Peyse 2017,13.0,0.75,39.14,52.18666666666667,0.2491057741440981
0,The Matsui Sakura Cask Single Malt,48.0,0.7,135.12,193.02857142857144,0.24866785079928952
0,Envínate Mígan 2021,12.0,0.75,36.20,48.26666666666667,0.24861878453038672
0,Les Quarterons 2020,13.0,0.75,39.24,52.32,0.2484709480122324
0,Kizan Junmai Ginjo Nama Genshu Sake,15.5,0.72,44.92,62.38888888888889,0.24844167408726622
0,Tedeschi Amarone della Valpolicella Classico 2019,16.5,0.75,49.95,66.60000000000001,0.24774774774774772
0,Domäne Wachau Smaragd Achleiten Grüner Veltliner 2021,14.0,0.75,42.40,56.53333333333333,0.24764150943396226
0,Dal Cero Amarone della Valpolicella 2015,16.5,0.75,49.98,66.64,0.24759903961584634
0,Schnaitmann Simonroth Lemberger 2019,13.0,0.75,39.39,52.52,0.24752475247524752
0,Jean-Paul Brun Morgon Côte du Py Javernières 2022,12.5,0.75,37.90,50.53333333333333,0.24736147757255939
0,Tommasi Amarone della Valpolicella Classico 2019,15.0,0.75,45.48,60.63999999999999,0.24736147757255939
0,Viré-Clessé Cuvée J.F. Thevenet 2018,14.5,0.75,43.99,58.653333333333336,0.24721527619913616
0,La Chouette de Champillon Magnum Champagne Brut,12.5,1.5,75.95,50.63333333333333,0.2468729427254773
0,Delirium Black Barrel Aged,11.5,0.75,34.94,46.586666666666666,0.24685174585002861
0,Delirium Blond Barrel Aged,11.5,0.75,34.94,46.586666666666666,0.24685174585002861
0,Castelnau Réserve Champagne Brut,12.5,0.75,37.98,50.63999999999999,0.2468404423380727
0,Ca'del Bosco Cuvée Prestige 45 Edizione Franciacorta Extra Brut,12.5,0.75,37.98,50.63999999999999,0.2468404423380727
0,Grosset Alea Riesling 2022,12.5,0.75,37.99,50.653333333333336,0.24677546722821794
0,Carl Loewen Maximin Herrenberg 1896 Alte Reben Riesling Trocken 2021,12.5,0.75,37.99,50.653333333333336,0.24677546722821794
0,Monte Rossa Sansevè Franciacorta Satèn Brut,12.5,0.75,37.99,50.653333333333336,0.24677546722821794
0,"Ramon Canals Marta Deluxe Gran Reserva Cava Brut Nature
 2014",11.5,0.75,34.98,46.63999999999999,0.2465694682675815
0,Balfour 1503 Classic Cuvee Brut,11.5,0.75,34.99,46.653333333333336,0.24649899971420405
0,Bottega Rose Gold Brut Jeroboam,11.5,3.0,139.98,46.66,0.24646378054007717
0,Müller-Catoir Herrenletten Erste Lage Riesling Trocken 2020,13.0,0.75,39.58,52.77333333333333,0.2463365336028297
0,Arpepe Rosso di Valtellina 2020,13.0,0.75,39.60,52.800000000000004,0.2462121212121212
0,Foradori 2020,12.5,0.75,38.10,50.800000000000004,0.24606299212598423
0,Fenocchio Barolo 2018,14.5,0.75,44.20,58.93333333333334,0.24604072398190044
0,Vermutti Original Formula,14.7,0.5,29.89,59.78,0.2459016393442623
0,Nynäshamns Valsviken Vinterporter,9.1,0.25,9.26,37.04,0.24568034557235421
0,Moric Tokaj Hidden Treasures NR1 2021,13.0,0.75,39.78,53.04,0.2450980392156863
0,Les 3 Cellier Châteauneuf du Pape Marceau 2020,15.0,0.75,45.90,61.199999999999996,0.2450980392156863
0,Chavignol Sancerre 2022,13.0,0.75,39.80,53.06666666666666,0.2449748743718593
0,Des Grand Chemins Crozes-Hermitage 2020,14.0,0.75,42.90,57.199999999999996,0.24475524475524477
0,Torii Mor Pinot Noir 2020,13.0,0.75,39.84,53.120000000000005,0.2447289156626506
0,Gini Contrada Salvarenza Vecchie Vigne 2018,13.0,0.75,39.84,53.120000000000005,0.2447289156626506
0,Ruffino Modus 2019,15.0,0.75,45.99,61.32,0.2446183953033268
0,Rieflé Lieu-Dit Strangenberg Pinot Noir 2017,13.0,0.75,39.89,53.18666666666667,0.24442216094259211
0,Sichel Margaux 2020,13.0,0.75,39.90,53.199999999999996,0.2443609022556391
0,Produttori del Barbaresco Barbaresco 2019,14.0,0.75,42.98,57.306666666666665,0.24429967426710097
0,Domaine la Boutiniere Tradition Blanc Chateauneuf du Pape 2021,13.0,0.75,39.91,53.21333333333333,0.24429967426710097
0,Vignai da Duline Pinot Grigio 2021,14.0,0.75,42.99,57.32,0.24424284717376135
0,Castello delle Regine Merlot 2005,14.0,0.75,42.99,57.32,0.24424284717376135
0,Guado al Melo Atis 2018,14.0,0.75,43.02,57.36000000000001,0.2440725244072524
0,Octomore 13.1 Single Malt,59.2,0.7,169.90,242.71428571428575,0.24390818128310768
0,Shabo Saperavi Grande Reserve 2016,13.0,0.75,39.98,53.306666666666665,0.243871935967984
0,Jakob Jung Erbacher Siegelsberg Riesling Trocken Grosses Gewächs 2020,13.0,0.75,39.98,53.306666666666665,0.243871935967984
0,Thörle Saulheimer Schlossberg Riesling Trocken 2020,13.0,0.75,39.98,53.306666666666665,0.243871935967984
0,Loimer Gemischter Satz mit Achtung 2016,13.0,0.75,39.98,53.306666666666665,0.243871935967984
0,Monbazillac Cuvée du Chateau 2007,13.0,0.375,19.99,53.306666666666665,0.243871935967984
0,Dreissigacker Bechtheimer Organic Riesling 2018,13.0,0.75,39.98,53.306666666666665,0.243871935967984
0,Flechas de Los Andes Gran Corte 2018,14.5,0.75,44.60,59.46666666666667,0.24383408071748877
0,Il Monte Caro Valpolicella Superiore 2017,14.0,0.75,43.07,57.42666666666667,0.2437891804039935
0,Sabotage Cabernet Sauvignon 2017,15.0,0.75,46.16,61.54666666666666,0.24371750433275566
0,Mongarda Valdobbiadene Prosecco Superiore Dosaggio Zero 2018,12.0,0.75,36.95,49.26666666666667,0.24357239512855205
0,Blondel Premier Cru Carte d'Or Champagne Brut,12.0,0.75,36.98,49.306666666666665,0.24337479718766902
0,Château Pesquié Cuvée Juliette 2019,13.0,0.75,40.12,53.49333333333333,0.2430209371884347
0,Terre di Sarizzola Biancornetto Derthona Timorasso 2020,14.5,0.75,44.75,59.666666666666664,0.24301675977653633
0,Yohan Lardy Moulin-a-Vent Vieilles Vignes de 1903 2022,14.0,0.75,43.22,57.626666666666665,0.24294308190652478
0,Mauro Veglio Barolo 2018,14.5,0.75,44.80,59.73333333333333,0.24274553571428573
0,Domaine de la Rectorie Banyuls Traditionnel Pierre Rapidel 2009,16.5,0.5,33.99,67.98,0.24271844660194172
0,Baumann-Zirgel Cuvée Arthur Riesling Grand Cru Schoenenbourg 2019,14.5,0.75,44.85,59.800000000000004,0.24247491638795984
0,Mauro Molino Barolo 2018,14.5,0.75,44.85,59.800000000000004,0.24247491638795984
0,Reyneke Reserve White 2017,12.0,0.75,37.12,49.49333333333333,0.24245689655172414
0,Nederburg Auction Reserve Private Bin R163 Cabernet Sauvignon 2013,14.5,0.75,44.89,59.85333333333333,0.24225885497883717
0,Nederburg Private Bin R181 Merlot 2012,14.5,0.75,44.89,59.85333333333333,0.24225885497883717
0,Baumann-Zirgel Mandelberg Grand Cru Riesling 2018,12.5,0.75,38.70,51.6,0.24224806201550386
0,Carmim Reguengos Garrafeira Dos Socios 2017,14.5,0.75,44.90,59.86666666666667,0.24220489977728285
0,Moenchberg Riesling Grand Cru 2019,14.5,0.75,44.94,59.919999999999995,0.24198931909212285
0,Domaine des Bosquets Gigondas Réserve 2021,14.5,0.75,44.95,59.93333333333334,0.24193548387096772
0,Torres Jaime I,38.0,0.7,109.99,157.12857142857143,0.24184016728793525
0,Castell d'Encus Jhana 2019,13.5,0.75,41.88,55.84,0.2417621776504298
0,Campillo Gran Reserva 2014,14.5,0.75,44.99,59.98666666666667,0.24172038230717935
0,Bargylus Rouge 2013,14.5,0.75,44.99,59.98666666666667,0.24172038230717935
0,M. Chapoutier Châteauneuf-du-Pape Facelie La Collection Bio 2020,14.5,0.75,44.99,59.98666666666667,0.24172038230717935
0,La Rioja Alta Viña Arana Gran Reserva 2015,14.5,0.75,44.99,59.98666666666667,0.24172038230717935
0,Boekenhoutskloof Semillon 2018,13.5,0.75,41.89,55.85333333333333,0.241704464072571
0,Graeme & Julie Bott Saint-Joseph Rouge 2020,13.5,0.75,41.89,55.85333333333333,0.241704464072571
0,Viña Real Gran Reserva 2015,13.5,0.75,41.89,55.85333333333333,0.241704464072571
0,Van Volxem Rotschiefer Riesling Kabinett 2021,9.5,0.75,29.48,39.306666666666665,0.24168928086838537
0,Harrow & Hope Reserve Brut,12.0,0.75,37.26,49.68,0.24154589371980675
0,Gautier XO,40.0,0.7,115.99,165.70000000000002,0.24140012070006034
0,Pfeffingen Weilberg Riesling GG 2017,13.5,0.75,41.95,55.93333333333334,0.24135876042908222
0,J & H Selbach Riesling Spätlese 2020,9.0,0.75,27.97,37.29333333333333,0.24132999642474082
0,Ruppertsberger Riesling Auslese 2020,9.0,0.375,13.99,37.306666666666665,0.24124374553252323
0,Highland Park 18 Year Old Single Malt,43.0,0.7,124.78,178.25714285714287,0.24122455521718222
0,Vietti Colli Tortonesi Timorasso Derthona 2020,13.5,0.75,41.98,55.97333333333333,0.24118627918056218
0,Boekenhoutskloof Semillon 2019,13.5,0.75,41.98,55.97333333333333,0.24118627918056218
0,Catena Alta Cabernet Sauvignon 2019,13.5,0.75,41.99,55.98666666666667,0.2411288402000476
0,Talisker 11 Year Old Special Release 2022 Single Malt,55.1,0.7,159.99,228.55714285714288,0.24107756734795924
0,Prunotto Barbaresco 2020,13.5,0.75,42.00,56.0,0.24107142857142858
0,Bründlmayer Reserve Rosé Brut,11.5,0.75,35.78,47.70666666666667,0.2410564561207378
0,Leeuwin Estate Art Series Margaret River Shiraz 2019,13.5,0.75,42.02,56.02666666666667,0.2409566872917658
0,De Ranke Saison de Dottignies,5.5,0.75,17.12,22.826666666666668,0.24094626168224298
0,Domaine du Haut Bourg Muscadet Côtes de Grandlieu Signature 2015,12.0,0.75,37.38,49.84,0.2407704654895666
0,Arras Elite Brut,12.5,0.75,38.99,51.98666666666667,0.24044626827391635
0,Bellavista Alma Gran Cuvée Franciacorta Brut,12.5,0.75,38.99,51.98666666666667,0.24044626827391635
0,Penfolds Bin 311 Chardonnay 2022,12.5,0.75,38.99,51.98666666666667,0.24044626827391635
0,Iuli Nino,12.5,0.75,38.99,51.98666666666667,0.24044626827391635
0,Gonzalez Byass Matusalem Oloroso Sherry,20.5,0.375,31.98,85.28,0.2403846153846154
0,Peter Nicolay Brauneberger Juffer Riesling Spätlese 2002,8.0,0.75,24.98,33.306666666666665,0.2401921537229784
0,Luzon Dulce Sauvignon Blanc,12.0,0.5,24.99,49.98,0.24009603841536617
0,Borgo Maragliano La Caliera Moscato d'Asti 2022,6.0,0.375,9.38,25.013333333333335,0.23987206823027715
0,Kanavan Toini Punaherukka Sour,5.0,0.33,6.89,20.878787878787875,0.23947750362844705
0,Paul Blanck Gewurztraminer Altenbourg 2021,14.0,0.75,43.85,58.46666666666667,0.2394526795895097
0,Chateau Maucoil Chateauneuf-du-Pape Tradition Magnum 2020,15.0,1.5,94.00,62.666666666666664,0.2393617021276596
0,Napa Cellars Cabernet Sauvignon 2017,14.0,0.75,43.90,58.53333333333333,0.23917995444191345
0,Roggio del Filare 2019,14.5,0.75,45.49,60.653333333333336,0.23906353044625192
0,Artemis Karamolegos 34 2021,14.0,0.75,43.95,58.6,0.23890784982935154
0,Tilquin Oude Gueuze à l'Ancienne,7.0,0.375,10.99,29.30666666666667,0.23885350318471335
0,Monte Del Frá Amarone della Valpolicella Classico 2018,15.5,0.75,48.69,64.92,0.23875539125077017
0,Chambers Rutherglen Muscat,17.5,0.375,27.50,73.33333333333333,0.23863636363636365
0,Octomore 11.2 Single Malt,58.6,0.7,172.00,245.71428571428572,0.23848837209302326
0,Oban 12 Year Old Special Release 2021 Single Malt,56.2,0.7,164.99,235.70000000000002,0.2384386932541366
0,Etienne Simonis Grand Cru Marckrain Gewurztraminer 2018,12.5,0.75,39.50,52.666666666666664,0.23734177215189875
0,Kukkula Kaamos 2019,15.5,0.75,48.99,65.32000000000001,0.23729332516840168
0,Villa al Cortile Brunello di Montalcino  2016,14.0,0.75,44.29,59.053333333333335,0.23707383156468728
0,Balfour Leslie’s Reserve Dry,12.0,0.75,37.98,50.63999999999999,0.2369668246445498
0,Gratiot-Pillière Tradition Champagne Brut,12.0,0.75,37.98,50.63999999999999,0.2369668246445498
0,Gratiot Pilliére Tradition Champagne Extra Brut,12.0,0.75,37.98,50.63999999999999,0.2369668246445498
0,Montaudon Réserve Première Champagne Brut,12.0,0.75,37.99,50.653333333333336,0.23690444853908924
0,Paul Dangin & Fils Cuvée Carte Or Champagne Brut,12.0,0.75,37.99,50.653333333333336,0.23690444853908924
0,Niepoort Caracolete 2015,12.0,0.75,38.00,50.666666666666664,0.2368421052631579
0,Bret Brothers Fleurie Climat “Les Ponciés” 2019,14.5,0.75,45.95,61.26666666666667,0.23667029379760607
0,Creation Reserve Syrah 2018,14.5,0.75,45.98,61.306666666666665,0.23651587646802957
0,Motor City Kitty Syrah 2019,14.5,0.75,45.98,61.306666666666665,0.23651587646802957
0,Kaiken Obertura Cabernet Franc 2018,14.5,0.75,46.00,61.333333333333336,0.23641304347826086
0,Lafoa Chardonnay 2019,14.0,0.75,44.45,59.26666666666667,0.23622047244094485
0,Victoria Geisse Vintage Rosé Extra Brut 2022,12.0,0.75,38.10,50.800000000000004,0.23622047244094485
0,Victoria Geisse Vintage Extra Brut 2022,12.0,0.75,38.10,50.800000000000004,0.23622047244094485
0,Loimaan Pouta Tyrni-Gin lonkero,5.0,0.33,6.99,21.18181818181818,0.23605150214592277
0,Alvinne Wild West Kriek-Framboos,6.0,0.33,8.39,25.424242424242426,0.23599523241954706
0,Mount Pleasant Elizabeth Semillon 2013,11.0,0.75,34.96,46.61333333333334,0.23598398169336382
0,Dupont 15 Ans Calvados,42.0,0.5,89.00,178.0,0.23595505617977527
0,Elisabetta Abrami Franciacorta Brut 2020,12.5,0.75,39.74,52.98666666666667,0.2359084046300956
0,Dourakis Cassiopeia Romeiko Brut,12.5,0.75,39.74,52.98666666666667,0.2359084046300956
0,Bottega Gold Brut Jeroboam 2021,11.0,3.0,139.98,46.66,0.23574796399485642
0,Jansz Vintage Cuvée Brut 2015,12.5,0.75,39.77,53.02666666666667,0.23573045008800603
0,Mauro Sebaste Avremo Alta Langa Millesimato Dosaggio Zero 2019,12.5,0.75,39.80,53.06666666666666,0.23555276381909548
0,Famille Dupont Pomme Captive,40.0,0.7,118.90,169.8571428571429,0.23549201009251466
0,The Macallan Double Cask 12 Year Old Single Malt,40.0,0.05,8.50,170.0,0.23529411764705882
0,Le Marquis de Calon Ségur 2018,15.0,0.75,47.84,63.78666666666667,0.23515886287625418
0,Baron-Fuenté Quinconce Blanc de Blancs Champagne Brut,12.5,0.75,39.89,53.18666666666667,0.23502130859864628
0,Baumann-Zirgel Cuvée Amélie Riesling Grand Cru Schlossberg 2018,12.5,0.75,39.89,53.18666666666667,0.23502130859864628
0,Monbazillac Cuvée du Château 2018,12.5,0.75,39.90,53.199999999999996,0.23496240601503762
0,Louis Massing Grand Cru Mineralis Blanc de Blancs Champagne Brut Nature,12.5,0.375,19.95,53.199999999999996,0.23496240601503762
0,Louis M. Martini Napa Valley Cabernet Sauvignon 2018,15.0,0.75,47.89,63.85333333333333,0.23491334307788683
0,Batasiolo Barbaresco 2019,14.0,0.75,44.70,59.6,0.2348993288590604
0,Fabio Oberto Barolo 2017,14.5,0.75,46.30,61.73333333333333,0.23488120950323976
0,Mikkeller San Diego Barrel Series Beer Geek Viking Shake Imperial Stout tölkki,13.0,0.475,26.32,55.410526315789475,0.23461246200607902
0,Patricius Tokaj Katinka Noble Late Harvest 2021,12.5,0.375,19.98,53.28,0.2346096096096096
0,Octomore 13.2 Single Malt,58.3,0.7,174.00,248.57142857142858,0.23454022988505746
0,Gonzalez Byass Apostoles Palo Cortado Pedro Ximénez Sherry,20.0,0.375,31.98,85.28,0.23452157598499063
0,Anselmann Huxelrebe Beerenauslese 2012,10.0,0.375,15.99,42.64,0.23452157598499063
0,Pato & Wouters Nossa Calcário Baga 2019,12.5,0.75,39.98,53.306666666666665,0.23449224612306155
0,Wittmann Westhofener Riesling Trocken 2021,12.5,0.75,39.98,53.306666666666665,0.23449224612306155
0,Corvers-Kauter Rüdesheimer Berg Rottland Riesling Trocken 2019,12.5,0.75,39.98,53.306666666666665,0.23449224612306155
0,Ökonomierat Rebholz Vom Muschelkalk Riesling Trocken 2021,12.5,0.75,39.98,53.306666666666665,0.23449224612306155
0,Dr. Loosen Wehlener Sonnenuhr Riesling GG Alte Reben Dry 2020,12.5,0.75,39.98,53.306666666666665,0.23449224612306155
0,Corvers-Kauter Rüdesheimer Berg Schlossberg Riesling Trocken 2019,12.5,0.75,39.98,53.306666666666665,0.23449224612306155
0,Muré Grand Millésime Crémant d'Alsace Extra Brut 2016,12.5,0.75,39.98,53.306666666666665,0.23449224612306155
0,Ferrari Brut,12.5,0.375,19.99,53.306666666666665,0.23449224612306155
0,Domaine Vial-Magnères Banyuls Grand Cru Cuvée André Magnères 2009,18.0,0.75,57.58,76.77333333333333,0.234456408475165
0,Porto Messias 20 Anos,20.0,0.375,31.99,85.30666666666666,0.23444826508283842
0,La Chouette de Champillon Premier Cru Rosé Champagne Brut lahjapakkaus,12.5,0.75,39.99,53.32,0.23443360840210054
0,Jacquart Mosaïque Champagne Brut,12.5,0.75,40.00,53.333333333333336,0.234375
0,Henri Milan Le Papillon Blanc 2018,12.5,0.75,40.00,53.333333333333336,0.234375
0,Redoma Tinto 2018,12.5,0.75,40.00,53.333333333333336,0.234375
0,Jean-Luc Pasquet Le Cognac de Noel,46.4,0.5,98.99,197.98,0.2343671077886655
0,Sixto Uncovered Chardonnay 2017,14.0,0.75,44.89,59.85333333333333,0.23390510135887727
0,Zeltinger Sonnenuhr Spätlese Riesling 2020,11.5,0.75,36.95,49.26666666666667,0.23342354533152906
0,Talbott Sleepy Hollow Vineyard Pinot Noir 2016,14.0,0.75,44.99,59.98666666666667,0.23338519671038008
0,Ferrer Bobet 2018,14.0,0.75,44.99,59.98666666666667,0.23338519671038008
0,The Glenlivet 18 Year Old Single Malt,40.0,0.7,119.99,171.4142857142857,0.2333527793982832
0,Chateau de Jau Sparkling Jau,5.5,0.75,17.68,23.573333333333334,0.23331447963800905
0,Xavier Châteauneuf-du-Pape Blanc 2020,14.0,0.75,45.04,60.053333333333335,0.23312611012433393
0,Château de Maligny Chablis 1er Cru L'Homme Mort 2022,12.5,0.75,40.22,53.626666666666665,0.23309298856290403
0,Chimay Grande Reserve Oak Aged Calvados 2023,10.5,0.375,16.90,45.06666666666666,0.2329881656804734
0,Alibernet 2016,14.5,0.75,46.73,62.306666666666665,0.23271988016263642
0,Veronese Beatrice Lampasso Amarone della Valpolicella 2017,15.5,0.75,50.00,66.66666666666667,0.23249999999999998
0,Mossi 1558 Rosamata,14.0,0.5,30.12,60.24,0.23240371845949534
0,Château La Garde Blanc 2018,13.0,0.75,42.00,56.0,0.23214285714285715
0,Herout Cuvée Tradition Brut 2020,5.0,0.75,16.16,21.546666666666667,0.23205445544554457
0,Mendel Unus 2020,14.5,0.75,46.89,62.52,0.23192578374920025
0,Il Molino di Grace Il Margone 2013,14.5,0.75,46.90,62.53333333333333,0.2318763326226013
0,Octomore 14.1 Single Malt,59.6,0.7,179.98,257.1142857142857,0.23180353372596957
0,Paresseux Rose 2021,12.5,0.35,18.90,54.0,0.23148148148148148
0,Rathfinny Classic Cuvée Brut 2018,12.0,0.75,38.90,51.86666666666667,0.23136246786632392
0,Château Laforge 2018,15.0,0.75,48.69,64.92,0.2310536044362292
0,Grosset Springvale Riesling 2022,12.9,0.75,41.90,55.86666666666667,0.2309069212410501
0,Chateau Fuissé Pouilly-Fuisse Tete de Cru 2020,13.5,0.75,43.85,58.46666666666667,0.23090079817559864
0,Domaine du Haut Bourg Muscadet Côtes de Grandlieu Origine 2013,12.0,0.75,38.98,51.97333333333333,0.23088763468445359
0,Château Pomone 2012,12.5,0.75,40.63,54.17333333333334,0.23074083189761257
0,BrewDog Overworks x To Øl Sweet Disposition,4.9,0.33,7.01,21.242424242424242,0.23067047075606278
0,Zarate Balado Albariño 2021,13.5,0.75,43.90,58.53333333333333,0.23063781321184512
0,Caves d'Esclans Rock Angel Côtes de Provence Rosé 2021,13.5,0.75,43.99,58.653333333333336,0.2301659468060923
0,Beaulieu Vineyard Napa Valley Cabernet Sauvignon 2016,15.0,0.75,48.90,65.2,0.2300613496932515
0,Torii Mor Chardonnay 2018,14.0,0.75,45.66,60.879999999999995,0.2299605781865966
0,Kukkula Aatto 2016,15.0,0.75,48.99,65.32000000000001,0.2296387017758726
0,That Boutique-y Whisky Company Williamson 6 Year Old Single Malt,46.0,0.2,40.17,200.85,0.2290266367936271
0,Enrico Serafino Sanavento Barbaresco 2018,14.5,0.75,47.49,63.32,0.2289955780164245
0,Le Calendre Amarone della Valpolicella Classico 2018,16.0,0.75,52.43,69.90666666666667,0.22887659736791913
0,Les 3 Cellier Châteauneuf du Pape Insolente 2022,14.0,0.75,45.90,61.199999999999996,0.22875816993464054
0,Pantocrator 2010,14.0,0.75,45.90,61.199999999999996,0.22875816993464054
0,Marchese Antinori Chianti Classico Riserva 2020,14.0,0.75,45.99,61.32,0.228310502283105
0,Harrow & Hope Rosé Brut,12.0,0.75,39.45,52.6,0.22813688212927757
0,Camille Giroud Mercurey Premier Cru Clos Voyens 2019,14.0,0.75,46.03,61.373333333333335,0.22811210080382358
0,Raventós i Blanc De La Finca Brut Nature 2019,12.0,0.75,39.48,52.63999999999999,0.2279635258358663
0,Batasiolo Barolo 2018,14.5,0.75,47.80,63.73333333333333,0.22751046025104604
0,Beaumont des Crayères Grande Réserve Champagne Brut,12.0,0.75,39.59,52.78666666666667,0.22733013387218995
0,Quinta do Crasto Reserva Old Vines Magnum 2020,14.5,1.5,95.70,63.800000000000004,0.22727272727272727
0,Dourakis Impromptu Mandilari 2014,12.5,0.75,41.26,55.01333333333333,0.22721764420746488
0,Terre Nere Etna Rosso Moganazzi 2021,14.5,0.75,47.90,63.86666666666667,0.22703549060542796
0,Terre Nere Etna Rosso Santo Spirito 2021,14.5,0.75,47.90,63.86666666666667,0.22703549060542796
0,Recaredo Terrers Corpinnat Brut Nature 2018,11.5,0.75,37.99,50.653333333333336,0.2270334298499605
0,Domaine Marguerite Carillon Savigny-lès-Beaune 1er Cru Les Lavières 2018,13.0,0.75,42.96,57.28,0.22695530726256982
0,Herdade de São Miguel Pé de Mãe 2017,13.0,0.75,42.99,57.32,0.22679692951849267
0,Akarua Pinot Noir 2021,13.5,0.75,44.68,59.57333333333333,0.2266114592658908
0,Terre Nere Feudo di Mezzo 2021,14.5,0.75,47.99,63.98666666666667,0.2266097103563242
0,Vina Tondonia Reserva Red 2010,13.0,0.75,43.03,57.373333333333335,0.22658610271903323
0,Pasqua Amarone della Valpolicella Cascina San Vincenzo 2017,15.0,0.75,49.78,66.37333333333333,0.22599437525110486
0,Orin Swift Blank Stare Sauvignon Blanc 2019,15.5,0.75,51.50,68.66666666666667,0.2257281553398058
0,Manuel Formigo Cholo 2018,12.0,0.75,39.89,53.18666666666667,0.22562045625470042
0,Raymond Family Classic Cabernet Sauvignon 2016,13.5,0.75,44.91,59.879999999999995,0.22545090180360725
0,Castaño Casa de la Cera 2014,15.0,0.75,49.90,66.53333333333333,0.22545090180360722
0,Domaine la Boutiniere Grande Reserve Rouge Chateauneuf du Pape 2020,15.0,0.75,49.90,66.53333333333333,0.22545090180360722
0,Paolo Scavino Barolo 2017,15.0,0.75,49.90,66.53333333333333,0.22545090180360722
0,Richardot Rosé Champagne Demi-Sec,12.0,0.75,39.94,53.25333333333333,0.2253380070105158
0,André Clouet Grande Reserve Blanc de Noirs Magnum Champagne Brut,12.0,1.5,79.90,53.26666666666667,0.2252816020025031
0,Boon Oude Schaarbeekse Kriek,6.0,0.375,9.99,26.64,0.22522522522522523
0,Alexandre Penet Champagne Extra Brut,12.0,0.375,19.98,53.28,0.22522522522522523
0,G.H. Martel & Co Prestige Magnum Champagne Brut,12.0,1.5,79.95,53.300000000000004,0.225140712945591
0,Hattingley Valley Classic Reserve Brut,12.0,0.75,39.98,53.306666666666665,0.2251125562781391
0,G.H. Martel & Co Champagne Doux,12.0,0.75,39.98,53.306666666666665,0.2251125562781391
0,Montaudon Blanc de Noirs Champagne Brut,12.0,0.75,39.98,53.306666666666665,0.2251125562781391
0,De Castellane Champagne Brut,12.0,0.75,39.98,53.306666666666665,0.2251125562781391
0,Balfour Rose Brut 2017,12.0,0.75,39.98,53.306666666666665,0.2251125562781391
0,La Soufrandiere Cuvee La Combe Desroches 2021,12.0,0.75,39.98,53.306666666666665,0.2251125562781391
0,André Clouet Silver Champagne Brut Nature,12.0,0.75,39.98,53.306666666666665,0.2251125562781391
0,Zarate Tras Da Viña Albariño 2020,12.0,0.75,39.98,53.306666666666665,0.2251125562781391
0,Gratiot-Pillière Rosé Champagne Brut,12.0,0.75,39.98,53.306666666666665,0.2251125562781391
0,Gusbourne Reserve Brut  2019,12.0,0.75,39.98,53.306666666666665,0.2251125562781391
0,Creation Sumac Grenache 2015,15.0,0.75,49.98,66.64,0.22509003601440575
0,Masi Costasera Amarone Classico 2017,15.0,0.375,24.99,66.64,0.22509003601440575
0,Hatzidakis Mavrotragano 2017,15.0,0.75,49.98,66.64,0.22509003601440575
0,Lambiek Fabriek Oude Kriek Schar-Elle,6.2,0.75,20.66,27.546666666666667,0.22507260406582769
0,Prunotto Costamiòle Barbera d'Asti Superiore Nizza 2008,13.5,0.75,44.99,59.98666666666667,0.22505001111358078
0,Tenute del Cabreo La Pietra 2018,13.5,0.75,44.99,59.98666666666667,0.22505001111358078
0,Pinot Noir Rood Vogelsanck 2017,13.5,0.75,44.99,59.98666666666667,0.22505001111358078
0,Xavier Châteauneuf-du-Pape 2020,15.0,0.75,49.99,66.65333333333334,0.22504500900180036
0,Iuli Barat Bianco,10.5,0.75,35.00,46.666666666666664,0.225
0,Monti Barolo 2011,15.0,0.75,50.06,66.74666666666667,0.22473032361166598
0,Antech Blanquette Méthode Ancestrale Fruité Doux,6.5,0.75,21.70,28.933333333333334,0.22465437788018433
0,Château d'Arche 2015,13.5,0.375,22.54,60.10666666666666,0.22460070984915706
0,Le Bullet Piaf Champagne Brut,12.5,0.375,20.89,55.70666666666667,0.22438966012446146
0,Autréau Premier Cru Champagne Brut,12.5,0.375,20.90,55.73333333333333,0.22428229665071772
0,The Kurayoshi Pure Malt 12 Years Old,43.0,0.7,134.28,191.82857142857145,0.2241584748287161
0,Ixsir Grande Réserve White 2017,13.5,0.75,45.17,60.22666666666667,0.22415319902590214
0,Saint-Joseph Les 3 Cellier Le Centier des Terroirs 2021,13.0,0.75,43.50,58.0,0.22413793103448276
0,Graeme & Julie Bott Saint-Joseph Blanc 2021,12.5,0.75,41.89,55.85333333333333,0.22380042969682504
0,Quinta do Crasto Old Vines Reserva 2020,14.5,0.75,48.60,64.8,0.22376543209876545
0,Baron M Jardin d'Amour Methusalem 2021,13.0,6.0,348.60,58.1,0.22375215146299482
0,Jean Loron Les Vieux Murs Pouilly-Fuissé 2021,13.0,0.75,43.60,58.13333333333333,0.22362385321100917
0,Massolino Barolo 2019,14.5,0.75,48.68,64.90666666666667,0.2233976992604766
0,United Gypsies Pastry Ballerina tölkki,4.0,0.33,5.91,17.90909090909091,0.22335025380710657
0,Kolin Panimo Carelia Cider,5.2,0.33,7.69,23.303030303030305,0.22314694408322497
0,Kolin Panimo Carelia Cider Dry,5.2,0.33,7.69,23.303030303030305,0.22314694408322497
0,Cloudy Bay Pinot Noir 2020,13.5,0.75,45.39,60.52,0.22306675479180435
0,The Macallan Double Cask 15 Year Old Single Malt,43.0,0.7,134.99,192.84285714285716,0.2229794799614786
0,Elgin Ridge Chaos White 2018,14.0,0.5,31.40,62.8,0.2229299363057325
0,Quinta do Crasto Reserva Old Vines Mathusalem 2017,14.0,6.0,377.90,62.98333333333333,0.2222810267266473
0,Soufrandiere Pouilly-Vinzelles 2021,13.0,0.75,43.90,58.53333333333333,0.22209567198177677
0,Ontañón Gran Reserva 2011,13.5,0.75,45.60,60.800000000000004,0.2220394736842105
0,Roberto Sarotto Barolo Riserva 2009,14.5,0.75,48.98,65.30666666666666,0.22202939975500208
0,Juan Gil Monastrell Dulce 2014,13.0,0.375,21.98,58.61333333333334,0.22179253867151955
0,Canella Bellini,5.0,0.2,4.51,22.549999999999997,0.221729490022173
0,Lindemans Oude Gueuze Cuvee Francisca,8.0,0.75,27.07,36.093333333333334,0.22164758034724788
0,Ferrari Magnum Brut,12.5,1.5,84.96,56.63999999999999,0.22069209039548024
0,Villa Poggio Salvi Brunello di Montalcino 2018,13.5,0.75,45.90,61.199999999999996,0.22058823529411767
0,Pascal Bouchard Chablis Premier Cru Fourchaume Bio 2020,13.5,0.75,45.98,61.306666666666665,0.22020443671161374
0,Creation Reserve Pinot Noir 2019,13.5,0.75,45.98,61.306666666666665,0.22020443671161374
0,Tuori Spirit of Honey,40.2,0.5,91.29,182.58,0.22017745645744333
0,Aperol,11.0,3.0,149.90,49.96666666666667,0.2201467645096731
0,A. Bergere Origine Champagne Brut,12.0,0.75,40.89,54.52,0.22010271460014671
0,Moss Wood Margaret River Pinot Noir 2020,14.0,0.75,47.78,63.70666666666667,0.21975722059439096
0,Penfolds Bin 138 Shiraz Grenache Mataro 2019,14.5,0.75,49.49,65.98666666666666,0.21974136189129118
0,Penfolds Bin 128 Shiraz 2018,14.5,0.75,49.50,66.0,0.2196969696969697
0,Roberto Sarotto Barbaresco Riserva Magnum 2001,14.5,1.5,99.00,66.0,0.2196969696969697
0,Caven Messere Sforzato di Valtellina 2015,15.5,0.75,52.98,70.64,0.2194224235560589
0,Kanavan Lehti Nokkossour,4.7,0.33,7.07,21.424242424242426,0.21937765205091936
0,San Román 2019,14.5,0.75,49.59,66.12,0.21929824561403508
0,Col d'Orcia Brunello di Montalcino  2017,14.5,3.0,198.40,66.13333333333334,0.2192540322580645
0,Moretti Omero Montefalco Sagrantino 2017,14.5,0.75,49.60,66.13333333333334,0.2192540322580645
0,Dautel FreiSinn Trocken 2016,13.0,0.75,44.49,59.32,0.2191503708698584
0,Volpe Pasini Focus Zuc di Volpe 2015,14.0,0.75,47.98,63.97333333333333,0.21884118382659443
0,Fèlsina Rancia Chianti Classico Riserva 2013,14.5,0.75,49.72,66.29333333333334,0.21872485921158485
0,Viña Pedrosa Reserva 2018,14.5,0.75,49.75,66.33333333333333,0.2185929648241206
0,FJ Regnery Klüsserather Bruderschaf GG Riesling 2020,12.5,0.75,42.90,57.199999999999996,0.21853146853146854
0,J de Villebois Sancerre Silex 2022,12.5,0.75,42.90,57.199999999999996,0.21853146853146854
0,Nihonbashi Nigori Sake,15.5,0.3,21.29,70.96666666666667,0.21841240018788163
0,Octomore 14.2 Single Malt,57.7,0.7,184.99,264.2714285714286,0.21833612627709603
0,Merryvale Carneros Pinot Noir 2018,14.5,0.75,49.81,66.41333333333334,0.21832965268018467
0,Gonet Sulcova Réserve Champagne Brut,12.5,0.75,42.97,57.29333333333333,0.21817547125901793
0,Cantina Girlan Trattmann Pinot Noir Riserva 2020,14.5,0.75,49.90,66.53333333333333,0.21793587174348697
0,Giuseppe Nada Barbaresco Casot 2019,14.5,0.75,49.90,66.53333333333333,0.21793587174348697
0,Alexander vs The Ham Factory 2018,14.0,0.75,48.20,64.26666666666667,0.21784232365145229
0,Boekenhoutskloof Stellenbosch Cabernet Sauvignon 2019,14.5,0.75,49.98,66.64,0.21758703481392558
0,Penfolds Bin 138 Shiraz Grenache Mataro 2020,14.5,0.75,49.98,66.64,0.21758703481392558
0,Penfolds Bin 21 Barossa Valley Grenache 2022,14.5,0.75,49.98,66.64,0.21758703481392558
0,Terrazas de los Andes Grand Malbec 2018,14.5,0.75,49.98,66.64,0.21758703481392558
0,Penfolds Bin 128 Coonawarra Shiraz 2020,14.5,0.75,49.98,66.64,0.21758703481392558
0,Bruno Rocca Fralu Nebbiolo Magnum 2020,14.5,1.5,99.98,66.65333333333334,0.21754350870174033
0,Col d'Orcia Brunello di Montalcino Magnum 2018,14.5,1.5,99.98,66.65333333333334,0.21754350870174033
0,Alvaro Palacios Gratallops Vi de Vila 2019,14.5,0.75,49.99,66.65333333333334,0.21754350870174033
0,Maison Sinnae Auriola Châteauneuf-du-Pape 2020,14.5,0.75,50.00,66.66666666666667,0.21749999999999997
0,Victoria Geisse Reserva Vintage Extra Brut 2021,12.0,0.75,41.39,55.18666666666667,0.2174438270113554
0,Nederburg Two Centuries Sauvignon Blanc 2014,13.0,0.75,44.89,59.85333333333333,0.21719759411895745
0,Clemens Busch Pünderich Riesling 2022,7.5,0.75,25.90,34.53333333333333,0.2171814671814672
0,Granbazán Limousin Albariño,13.0,0.75,44.90,59.86666666666667,0.21714922048997773
0,Tenute Sella Lessona San Sebastiano Allo Zoppo 2012,13.5,0.75,46.64,62.18666666666667,0.21708833619210977
0,The Singleton of Glen Ord 15 Year Old Special Release 2022 Single Malt,54.2,0.7,174.98,249.97142857142856,0.21682477997485428
0,Diplomático Single Vintage 2007,43.0,0.7,139.00,198.57142857142858,0.21654676258992805
0,Hardy Noces d'Argent,40.0,0.2,36.98,184.89999999999998,0.2163331530557058
0,Monnet XO Flamboyant,40.0,0.7,129.49,184.98571428571432,0.21623291373851258
0,Moric Reserve 2017,13.0,0.75,45.12,60.16,0.2160904255319149
0,Domaine Les Pallières Gigondas Racines 2019,14.5,0.75,50.33,67.10666666666667,0.21607391217961452
0,Chateau de La Mulonniere a la faveur de l'Automne Coteaux du Layon Beaulieu 2015,11.5,0.375,19.98,53.28,0.21584084084084085
0,Tommasi Fiorato Recioto della Valpolicella 2018,13.0,0.375,22.59,60.24,0.2158034528552457
0,Lyrarakis Liastos 2017,11.5,0.375,19.99,53.306666666666665,0.21573286643321662
0,Henschke Julius Riesling 2017,11.5,0.75,39.98,53.306666666666665,0.21573286643321662
0,Moric Reserve 2016,13.0,0.75,45.21,60.28,0.2156602521566025
0,Lagavulin 12 Year Old Special Release 2022 Single Malt,57.3,0.7,185.99,265.70000000000005,0.21565675573955584
0,Palmento Costanzo Contrada Santo Spirito Etna Rosso Particella n. 468 2016,14.0,0.75,48.69,64.92,0.21565003080714726
0,Granbazán Don Álvaro de Bazán Albariño 2019,13.5,0.75,46.96,62.61333333333334,0.2156090289608177
0,Jean Collet & Fils Chablis 1er Cru Montmains 2019,12.5,0.75,43.49,57.98666666666667,0.21556679696481948
0,Caparsa Doccio a Matteo Chianti Classico Riserva 2015,13.5,0.75,46.98,62.63999999999999,0.21551724137931036
0,Filippo Manetti Campiume 2017,12.5,0.75,43.50,58.0,0.21551724137931033
0,Fontanafredda Barolo Serralunga d'Alba 2017,13.5,0.75,46.99,62.653333333333336,0.21547137688869972
0,The Dalmore 15 Year Old Single Malt,40.0,0.7,129.99,185.70000000000002,0.21540118470651587
0,Chateau Musar White 2016,12.0,0.75,41.87,55.82666666666666,0.21495103893002152
0,Boon Oude Geuze VAT 108 bis,8.0,0.375,13.98,37.28,0.2145922746781116
0,Fritz Haag Brauneberger Juffer Riesling Kabinett 2022,8.0,0.75,27.98,37.306666666666665,0.21443888491779844
0,Bersano Brachetto d'Acqui Castelgaro 2022,6.0,0.5,13.99,27.98,0.21443888491779842
0,Penfolds BIN 51 Riesling 2018,12.0,0.75,41.98,55.97333333333333,0.2143878037160553
0,Kukkula Iso 2017,14.0,0.75,48.99,65.32000000000001,0.21432945499081443
0,Cossy Cuvee Eclat Champagne Brut,12.0,0.75,42.00,56.0,0.21428571428571427
0,Orenda Riesling 2020,13.5,0.75,47.29,63.053333333333335,0.21410446183125395
0,Corte Rugolin Amarone Crosara de le Strie 2016,16.0,0.75,56.09,74.78666666666668,0.21394187912283827
0,Joseph Drouhin Côte de Beaune Rouge 2017,13.0,0.375,22.80,60.800000000000004,0.2138157894736842
0,Roland Grangier Condrieu 2020,13.0,0.75,45.61,60.81333333333333,0.21376891032668274
0,The Benriach 16 Year Old Single Malt,43.0,0.7,140.99,201.41428571428574,0.21349031846230226
0,Winzerverein Deidesheim Grainhübel Riesling Auslese 2015,9.0,0.375,15.82,42.18666666666667,0.21333754740834387
0,Col d'Orcia Brunello di Montalcino  2016,14.5,9.0,611.71,67.96777777777778,0.21333638488826404
0,Saintes Pierres de Nalys Châteauneuf-du-Pape 2017,14.5,0.75,50.99,67.98666666666666,0.21327711315944303
0,Autréau de Champillon Blanc de Blancs Grand Cru Champagne Brut,12.5,0.75,43.99,58.653333333333336,0.2131166174130484
0,6.12. Independence Day 15 Y Port Charlotte Single Malt,50.0,0.7,164.46,234.94285714285718,0.2128177064331752
0,Dr. Pauly-Bergweiler Erdener Prälat Riesling GG 2020,13.0,0.75,45.90,61.199999999999996,0.2124183006535948
0,Dr. Pauly-Bergweiler Wehlener Sonnenuhr Riesling GG 2017,13.0,0.75,45.90,61.199999999999996,0.2124183006535948
0,Kukkula Sisu 2017,15.0,0.75,52.98,70.64,0.21234428086070214
0,Ainoa Sametti 2019,13.0,0.375,22.99,61.306666666666665,0.21204871683340584
0,Nøgne Ø Dark Horizon 8 Whisky Edition 2023,16.0,0.33,24.90,75.45454545454545,0.21204819277108433
0,Nøgne Ø Dark Horizon 8 Sherry Edition 2023,16.0,0.33,24.90,75.45454545454545,0.21204819277108433
0,Hey French You Could Have Made This But You Didn’t,13.0,0.75,46.00,61.333333333333336,0.21195652173913043
0,Camille Giroud Ladoix Blanc 2018,13.0,0.75,46.03,61.373333333333335,0.21181837931783618
0,Sichel Sauternes 2020,14.0,0.375,24.80,66.13333333333334,0.21169354838709675
0,Valduero Crianza 2016,14.0,5.0,330.70,66.14,0.21167221046265497
0,L'Omena Apple Spirit,40.0,0.5,94.51,189.02,0.21161781822029413
0,Apeca Euforia Brut 2019,12.0,0.75,42.54,56.72,0.21156558533145275
0,Tenuta Campo Al Mare Gallico Petit Verdot 2019,15.5,0.75,55.00,73.33333333333333,0.21136363636363636
0,Château La Fleur-Pourret 2014,13.5,0.75,47.96,63.946666666666665,0.21111342785654713
0,Pardas Collita Roja 2016,13.0,0.75,46.20,61.6,0.21103896103896103
0,Christophe Pichon Allégorie 2020,14.0,0.75,49.90,66.53333333333333,0.21042084168336675
0,Rupert & Rothschild Vignerons Baron Edmond 2017,14.0,0.75,49.90,66.53333333333333,0.21042084168336675
0,David Sterza Amarone della Valpolicella Classico 2018,16.0,0.75,57.08,76.10666666666667,0.2102312543798178
0,Château Clarke 2016,14.0,0.375,24.98,66.61333333333333,0.2101681345076061
0,Pradorey Elite 2019,14.0,0.75,49.98,66.64,0.21008403361344538
0,Cap Maritime Pinot Noir 2019,14.0,0.75,49.98,66.64,0.21008403361344538
0,Chateau Musar 2017,14.0,0.75,49.98,66.64,0.21008403361344538
0,Quinta D’Aguieira 2017,14.0,0.75,49.98,66.64,0.21008403361344538
0,Banfi Brunello di Montalcino 2016,14.0,0.75,49.98,66.64,0.21008403361344538
0,Casa Emma Chianti Classico Gran Selezione 2018,14.0,0.75,49.99,66.65333333333334,0.21004200840168033
0,Rivetto Barbaresco Marcarini 2018,14.0,0.75,49.99,66.65333333333334,0.21004200840168033
0,Comando G Rozas Primer 2020,14.0,0.75,49.99,66.65333333333334,0.21004200840168033
0,Gusbourne Reserve Brut 2019,12.0,0.75,42.90,57.199999999999996,0.20979020979020982
0,Rathfinny Rosé Brut 2018,12.0,0.75,42.90,57.199999999999996,0.20979020979020982
0,Vollereaux Réserve Champagne Brut,12.0,0.75,42.90,57.199999999999996,0.20979020979020982
0,Château Haut-Goujon Cuvée Liberté 2020,15.0,0.75,53.68,71.57333333333334,0.209575260804769
0,Autréau de Champillon Réserve Grand Cru Champagne Brut,12.0,0.75,42.95,57.26666666666667,0.20954598370197902
0,Thornbridge Pachamama Brown Ale,10.0,0.375,17.90,47.73333333333333,0.20949720670391064
0,Moric Jagini Zagersdorf 2013,14.0,0.75,50.12,66.82666666666667,0.20949720670391062
0,Paul Dangin Cuvée Carte Blanche Champagne Brut,12.0,0.75,43.00,57.333333333333336,0.20930232558139533
0,Ogier Châteauneuf-du-Pape Clos de l'Oratoire des Papes 2021,14.5,0.75,51.99,69.32000000000001,0.2091748413156376
0,Tenute Sella Bramaterra I Porfidi 2011,13.0,0.75,46.64,62.18666666666667,0.20904802744425385
0,Marc Kreydenweiss Moenchberg Grand Cru 2018,13.5,0.75,48.48,64.64,0.2088490099009901
0,Château Le Crock 2018,14.5,0.75,52.09,69.45333333333333,0.20877327702054138
0,FJ Regnery Klüsserather Bruderschaft GG Pinot Noir 2019,13.5,0.75,48.50,64.66666666666667,0.20876288659793812
0,Fruktstereo Pulp 2018,5.5,0.75,19.76,26.346666666666668,0.20875506072874495
0,Sárga Borház Tokaji Aszú 5 Puttonyos 2017,12.5,0.5,29.98,59.96,0.20847231487658438
0,Paul-Marie Bertrand Champagne Rosé Brut,12.5,0.75,44.98,59.97333333333333,0.20842596709648734
0,Rene Collet Champagne Nord-Sud Brut,12.5,0.75,44.99,59.98666666666667,0.2083796399199822
0,Bonnet Perle Rosée Champagne Brut lahjapakkaus,12.5,0.75,44.99,59.98666666666667,0.2083796399199822
0,Parés Baltà Electio Xarel-lo 2016,12.5,0.75,44.99,59.98666666666667,0.2083796399199822
0,Michel Laval Champagne Tradition Brut,12.5,0.75,44.99,59.98666666666667,0.2083796399199822
0,Schnaitmann Simonroth Spätburgunder 2018,13.0,0.75,46.86,62.48,0.20806658130601793
0,Lindemans Kriek,3.5,0.25,4.21,16.84,0.20783847980997625
0,Ardbeg Heavy Vapours Single Malt,46.0,0.7,154.98,221.4,0.2077687443541102
0,Le Dragon de Quintus 2015,15.0,0.75,54.16,72.21333333333332,0.20771787296898084
0,Octomore 10.4 Single Malt,63.5,0.7,214.00,305.7142857142857,0.20771028037383177
0,Orenda Balance 2018,15.0,0.75,54.19,72.25333333333333,0.2076028787599188
0,Brocard Chablis 1er Cru Montée de Tonnerre 2020,13.0,0.75,46.99,62.653333333333336,0.2074909555224516
0,Koppitsch Perspektiv Rot 2020,10.0,0.75,36.15,48.199999999999996,0.2074688796680498
0,Domaine Marcel Deiss Gruenspiel 2017,13.5,0.75,48.84,65.12,0.2073095823095823
0,Compass Box Flaming Heart 2022 Blended Malt,48.9,0.7,165.19,235.9857142857143,0.2072159331678673
0,Moric Reserve 2012,13.5,0.75,48.90,65.2,0.20705521472392638
0,Genys Sour Sour Berliner Weisse with Strawberries & Basil tölkki,3.5,0.44,7.44,16.90909090909091,0.20698924731182794
0,Paul-Marie Bertrand Champagne Extra Dry,12.0,0.75,43.50,58.0,0.20689655172413793
0,Valduero Tierra Alta en 2 Maderas Crianza 2017,14.0,15.0,1015.33,67.68866666666666,0.2068293067278619
0,Woodford Reserve Master's Collection Historic Barrel Entry,45.2,0.7,152.98,218.54285714285714,0.20682442149300564
0,Van Zellers & Co 20 Years Old Tawny Port,20.0,0.75,72.55,96.73333333333333,0.2067539627842867
0,Guerrieri Rizzardi Villa Rizzardi Amarone della Valpolicella Classico Riserva 2016,16.5,0.75,59.90,79.86666666666666,0.20659432387312188
0,Nugan Cookoothama Botrytis Semillon 2020,11.0,0.375,19.98,53.28,0.20645645645645644
0,Barmes-Buecher Riesling Grand Cru Steingrubler 2021,13.5,0.75,49.10,65.46666666666667,0.20621181262729124
0,Paul Blanck Gewurztraminer Furstentum Grand Cru Vieilles Vignes 2015,14.0,0.75,50.95,67.93333333333334,0.20608439646712462
0,Mumm Cordon Rouge Champagne Brut,12.0,0.75,43.69,58.25333333333333,0.2059967956054017
0,Le Serre Nuove dell'Ornellaia 2021,14.5,0.75,52.90,70.53333333333333,0.2055765595463138
0,Arnaldo Rivera Undicicomuni Barolo 2017,14.5,0.75,52.90,70.53333333333333,0.2055765595463138
0,Cardhu 14 Year Old Special Release Single Malt,55.5,0.7,188.99,269.9857142857143,0.20556643208635375
0,André Clouet Grande Réserve Blanc de Noirs Champagne Brut,12.0,0.375,21.90,58.4,0.20547945205479454
0,Feiler-Artinger Beerenauslese 2021,12.0,0.375,21.90,58.4,0.20547945205479454
0,Penfolds Bin 51 Eden Valley Riesling 2022,11.5,0.75,41.98,55.97333333333333,0.20545497856121964
0,Col d'Orcia Brunello di Montalcino 2018,14.5,0.75,52.94,70.58666666666666,0.20542123158292408
0,Almondo Fosso della Rosa 2022,5.0,0.75,18.26,24.346666666666668,0.2053669222343921
0,Kracher Cuvée Beerenauslese 2015,11.0,0.375,20.09,53.57333333333333,0.20532603285216527
0,Artadi Valdegínes 2019,14.5,0.75,52.99,70.65333333333334,0.2052274013964899
0,Chapel Down English Rose Brut,12.0,0.75,43.89,58.52,0.20505809979494188
0,Chapel Down Brut,12.0,0.75,43.89,58.52,0.20505809979494188
0,Alta Alella Mirgin Opus Cava Brut Nature 2019,12.0,0.75,43.90,58.53333333333333,0.2050113895216401
0,Joseph Perrier Cuvée Royale Champagne Brut,12.0,0.75,43.90,58.53333333333333,0.2050113895216401
0,Henschke Giles Pinot Noir 2019,13.5,0.75,49.43,65.90666666666667,0.20483512037224358
0,Ca'del Bosco Cuvée Prestige Franciacorta Extra Brut,12.5,0.375,22.90,61.06666666666666,0.20469432314410482
0,La Chouette de Champillon Champagne Brut,12.5,0.375,22.90,61.06666666666666,0.20469432314410482
0,Fluteau Cuvée Symbiose Millesime Champagne Brut 2014,12.0,0.75,43.97,58.626666666666665,0.20468501250852855
0,Charles Mignon 1er Cru Premium Reserve Champagne Brut,12.0,0.375,21.99,58.63999999999999,0.20463847203274219
0,Mumm Champagne Le Demi-Sec,12.0,0.75,43.98,58.63999999999999,0.20463847203274219
0,Moutard Père & Fils Grande Cuvée Blanc de Noirs Champagne Brut,12.0,0.75,43.99,58.653333333333336,0.20459195271652647
0,Monte Del Frá Monastero Passito Bianco	 2016,13.5,0.375,24.80,66.13333333333334,0.204133064516129
0,Laurent Ponsot Cuvée des Peupliers 2019,13.5,0.75,49.60,66.13333333333334,0.204133064516129
0,Chateau Clarke 2006,13.5,0.75,49.62,66.16,0.20405078597339785
0,La Chouette de Champillon Grand Cru Réserve Champagne Brut,12.5,0.75,45.98,61.306666666666665,0.2038929969551979
0,Rémi Leroy Champagne Brut Nature,12.5,0.75,45.98,61.306666666666665,0.2038929969551979
0,Ungsteiner Nussriegel Riesling Erste Lage 2021,12.5,0.75,45.99,61.32,0.20384866275277233
0,El Nido Clio 2020,16.0,0.75,58.99,78.65333333333334,0.20342430920494997
0,Bruna Grimaldi Barolo Badarina 2019,14.5,0.75,53.50,71.33333333333333,0.2032710280373832
0,Ten Minutes by Tractor Estate Chardonnay 2021,13.0,0.75,47.99,63.98666666666667,0.20316732652635963
0,Dr. Bürklin-Wolf Wachenheimer Böhlig P.C. 2017,13.0,0.75,47.99,63.98666666666667,0.20316732652635963
0,Veronese Beatrice Chiacchierino Recioto Della Valpolicella 2020,14.0,0.5,34.49,68.98,0.2029573789504204
0,Paul Blanck Pinot Gris Wineck-Schlossberg Grand Cru 2017,13.5,0.75,49.90,66.53333333333333,0.2029058116232465
0,Ornellaia Poggio alle Gazze dell’Ornellaia 2020,13.5,0.75,49.90,66.53333333333333,0.2029058116232465
0,Nino Negri Vigna Sassorosso Grumello 2019,13.5,0.75,49.90,66.53333333333333,0.2029058116232465
0,Mure Clos Saint Landelin Riesling 2019,13.5,0.375,24.98,66.61333333333333,0.20266212970376302
0,Château La Croix Saint Vincent 2017,13.5,0.75,49.97,66.62666666666667,0.20262157294376626
0,Penfolds Bin 23 Pinot Noir 2020,13.5,0.75,49.98,66.64,0.20258103241296518
0,Penfolds Bin 23 Pinot Noir 2022,13.5,0.75,49.98,66.64,0.20258103241296518
0,Prunotto Barolo 2019,13.5,0.75,49.98,66.64,0.20258103241296518
0,TreRose Vin Santo di Montepulciano 2016,13.5,0.375,24.99,66.64,0.20258103241296518
0,Robert Mondavi Napa Valley Chardonnay 2018,13.5,0.75,49.98,66.64,0.20258103241296518
0,Cap Maritime Chardonnay 2019,13.5,0.75,49.98,66.64,0.20258103241296518
0,Knoll Loibenberg Grüner Veltliner Smaragd 2022,13.5,0.75,49.99,66.65333333333334,0.2025405081016203
0,Sattlerhof Ried Kranachberg Sauvignon Blanc 2019,13.5,0.75,49.99,66.65333333333334,0.2025405081016203
0,Château de Maligny Chablis 1er Cru Fourchaume 2020,12.5,0.375,23.15,61.73333333333333,0.20248380129589635
0,Scerscé Flammante Nebbiolo 2018,14.0,0.75,51.90,69.2,0.20231213872832368
0,Terralsole Brunello di Montalcino 2015,14.5,0.75,53.79,71.72,0.20217512548800892
0,Lambiek Fabriek Jart-Elle Oude Kriek,6.0,0.375,11.14,29.706666666666667,0.20197486535008977
0,Château Le Crock 2016,14.0,0.75,51.99,69.32000000000001,0.2019619157530294
0,K The Deal Magnum 2017,15.0,1.5,111.50,74.33333333333333,0.20179372197309417
0,Rodney Strong Russian River Valley Pinot Noir 2018,14.5,0.75,53.91,71.88,0.2017250973845298
0,Sukula Barbera d´Alba Meriame 2017,14.5,0.75,54.00,72.0,0.2013888888888889
0,Mauro Cosecha 2021,14.5,0.75,54.01,72.01333333333334,0.20135160155526755
0,Ca' del Brado Û baccabianca,7.9,0.375,14.73,39.28,0.20112016293279023
0,Domaine de l’Horizon Rouge 2016,13.5,0.75,50.41,67.21333333333332,0.20085300535608017
0,Georges Vesselle Grand Cru Champagne Brut,12.5,0.75,46.68,62.24,0.20083547557840617
0,Ainoa Havu 2021,5.0,0.7,17.44,24.914285714285718,0.20068807339449538
0,Moric Reserve 2014,13.0,0.75,48.62,64.82666666666667,0.20053475935828877
0,Bava Barolo di Castiglione Falletto 2014,13.5,0.75,50.50,67.33333333333333,0.2004950495049505
0,Pirkka Grand Prestige Champagne Brut,12.0,0.75,44.89,59.85333333333333,0.20049008687903766
0,Vollereaux Blanc de Blancs Champagne Brut,12.0,0.75,44.90,59.86666666666667,0.20044543429844097
0,Devaux Cœur des Bar Blanc de Noir Champagne Brut,12.0,0.75,44.90,59.86666666666667,0.20044543429844097
0,Andrea Oberto Barolo Albarella 2015,15.0,0.75,56.15,74.86666666666666,0.20035618878005346
0,Angostura Orange Bitters,28.0,0.1,13.98,139.79999999999998,0.20028612303290416
0,Martha's 20 Years Old Tawny Port,20.0,0.75,74.90,99.86666666666667,0.20026702269692923
0,Taylor's 20 Year Old Tawny Port,20.0,0.75,74.90,99.86666666666667,0.20026702269692923
0,Kuentz-Bas Gewurztraminer Cuvee K 2017,12.0,0.5,29.98,59.96,0.200133422281521
0,Montaudon le Grande Rosé Champagne Brut,12.0,0.75,44.98,59.97333333333333,0.20008892841262785
0,Fritz Haag Brauneberger Juffer Spätlese Riesling 2022,8.0,0.75,29.99,39.986666666666665,0.20006668889629878
0,Joseph Perrier Cuvée Royale Magnum Champagne Brut,12.0,1.5,89.98,59.98666666666667,0.2000444543231829
0,Nicolas Feuillatte Réserve Exclusive Champagne Brut lahjapakkaus,12.0,0.75,44.99,59.98666666666667,0.2000444543231829
0,Ron Zacapa Centenario XO,40.0,0.7,140.00,200.0,0.2
0,Tokaji Oremus Late Harvest 2020,11.0,0.5,27.50,55.0,0.2
0,Huber Ried Berg Riesling Erste Lage 2020,13.0,0.75,48.80,65.06666666666666,0.19979508196721313
0,Tenute Silvio Nardi Brunello di Montalcino 2017,14.5,0.75,54.49,72.65333333333334,0.199577904202606
0,Michel Gonet Les 3 Terroirs Blanc de Blanc Champagne Extra Brut 2018,12.5,0.75,46.98,62.63999999999999,0.19955300127713924
0,Puklus Pincészet Tokaji Aszú 5 Puttonyos 2013,12.0,0.5,30.08,60.16,0.199468085106383
0,Cocchi Alta Langa Blanc`d Blanc Brut 2017,12.5,0.75,47.00,62.666666666666664,0.19946808510638298
0,Hugel Grossi Laüe Pinot Noir 2013,13.0,0.75,48.90,65.2,0.19938650306748465
0,Joseph Drouhin Côte de Beaune Blanc 2018,13.0,0.75,48.90,65.2,0.19938650306748465
0,Baricchi Jonny Gambato Frizzante,10.0,0.75,37.62,50.16,0.19936204146730463
0,Château Tour Sieujean 2014,13.0,0.75,48.95,65.26666666666667,0.19918283963227784
0,Simonnet-Febvre Chablis Premier Cru Mont de Milieu 2020,13.0,0.75,48.99,65.32000000000001,0.19902020820575625
0,Chateau de Montifaud Reserve Special Little Millenium,40.0,0.2,40.21,201.04999999999998,0.1989554837105198
0,Attilio Ghisolfi Barolo Bussia 2015,14.5,0.75,54.70,72.93333333333334,0.19881170018281535
0,Chateau de Montifaud Napoléon Ariane,40.0,1.5,301.95,201.29999999999998,0.19870839542970692
0,Golser Wein Beerenauslese,9.0,0.375,16.99,45.306666666666665,0.19864626250735729
0,Petit Bécot 2016,14.0,0.75,52.99,70.65333333333334,0.19815059445178335
0,Gini Camillo Gran Cuveé Brut 2010,12.0,0.75,45.42,60.56,0.19815059445178335
0,Torres Manso De Velasco 2019,14.0,0.75,52.99,70.65333333333334,0.19815059445178335
0,2Naturkinder Weinschwärmer 2020,11.5,0.75,43.53,58.04,0.19813921433494142
0,Koppitsch Perspektive Vintage 2017,11.5,0.75,43.53,58.04,0.19813921433494142
0,Appleaud,20.5,0.5,51.77,103.54,0.19799111454510332
0,Poças 30 Years Old Tawny,20.0,0.375,37.90,101.06666666666666,0.1978891820580475
0,Nittnaus Beerenauslese Exquisit 2018,10.0,0.375,18.95,50.53333333333333,0.1978891820580475
0,Penfolds Bin 128 Coonawarra Shiraz 2021,14.5,0.75,54.98,73.30666666666666,0.1977991997089851
0,Apeca BDN18 Brut 2018,12.5,0.75,47.48,63.306666666666665,0.19745155855096883
0,Clos Henri Patience Late Harvest Sauvignon Blanc 2013,13.0,0.5,32.99,65.98,0.19702940284934828
0,Ixsir Grande Réserve Red 2012,13.0,0.75,49.60,66.13333333333334,0.19657258064516128
0,Jean Loron Les Vieux Murs Pouilly-Fuissé 2019,13.0,0.375,24.80,66.13333333333334,0.19657258064516128
0,Laurent Ponsot Blanc Cuvée du Perce-Neige 2020,13.0,0.75,49.60,66.13333333333334,0.19657258064516128
0,Penfolds Bin 51 Eden Valley Riesling 2023,11.0,0.75,41.98,55.97333333333333,0.19652215340638401
0,Rathfinny Blanc de Blancs Brut 2017,12.0,0.75,45.80,61.06666666666666,0.19650655021834063
0,Francois Mikulski Côte d'Or Chardonnay 2021,13.0,0.75,49.62,66.16,0.19649334945586458
0,Laurent Lequart Blanche d’Andésyne Champagne Extra Brut,12.0,0.75,45.90,61.199999999999996,0.19607843137254904
0,Chamlija Nevi Sahsina Munhasir Sui Generis 2017,14.5,0.75,55.51,74.01333333333334,0.19591064673031885
0,Gonet Sulcova Blanc de Blancs Champagne Brut,12.5,0.75,47.88,63.84,0.1958020050125313
0,J. Charpentier Blanc de Blancs Champagne Brut,12.0,0.75,45.99,61.32,0.19569471624266144
0,Tobermory 04 Oloroso Cask Matured Single Malt,55.9,0.7,199.99,285.70000000000005,0.19565978298914943
0,Birichino Saint Georges Zinfandel 2019,14.0,0.75,53.69,71.58666666666666,0.1955671447196871
0,Chablis Grand Regnard 2022,12.5,0.75,47.98,63.97333333333333,0.19539391413088789
0,Michel Laval A Boursault Champagne L’Extra Brut,12.5,0.75,47.98,63.97333333333333,0.19539391413088789
0,Paul Blanck Riesling Schlossberg Grand Cru 2017,13.0,0.75,49.90,66.53333333333333,0.19539078156312625
0,Paul Blanck Riesling Furstentum Grand Cru 2019,13.0,0.75,49.90,66.53333333333333,0.19539078156312625
0,Domaine Marcel Deiss Engelgarten 2019,13.0,0.75,49.93,66.57333333333334,0.19527338273583014
0,Dr H. Thanisch Pinot Noir 2016,13.0,0.75,49.94,66.58666666666666,0.19523428113736485
0,Siddùra Bèru Vermentino di Gallura Superiore 2016,14.0,0.75,53.79,71.72,0.19520356943669828
0,Simonnet-Febvre Chablis 1er Cru Fourchaume 2020,13.0,0.375,24.98,66.61333333333333,0.19515612489991996
0,Pyynikin Expressions No 1 Longrow 1st Fill tölkki,11.5,0.33,19.45,58.93939393939394,0.19511568123393316
0,Schnaitmann Götzenberg GG Riesling Trocken 2018,13.0,0.75,49.98,66.64,0.195078031212485
0,Müller-Catoir Bürgergarten Im Breumel GG Riesling Trocken 2019,13.0,0.75,49.98,66.64,0.195078031212485
0,Jean-Luc & Eric Burguet Bourgogne Les Pince Vin 2019,13.0,0.75,49.99,66.65333333333334,0.1950390078015603
0,Loimer Langenlois Dechant Pinot Noir 2015,13.0,0.75,49.99,66.65333333333334,0.1950390078015603
0,Clemente VII Vinsanto del Chianti Classico 2015,14.0,0.375,26.92,71.78666666666668,0.19502228826151558
0,Baumann-Zirgel Riesling Vendanges Tardives 2015,14.0,0.5,35.90,71.8,0.19498607242339833
0,Chateau Clarke 2010,14.0,0.75,53.87,71.82666666666667,0.19491368108409132
0,Pardas Hermós Brut Nature 2018,12.0,0.75,46.20,61.6,0.19480519480519481
0,Ogier Châteauneuf-du-Pape Clos de l'Oratoire Blanc  2021,13.5,0.75,51.99,69.32000000000001,0.19474899019042122
0,LAN A Mano 2020,14.0,0.75,53.98,71.97333333333333,0.19451648758799556
0,Benjamin De Rotschild & Vega Sicilia Macán Clásico 2019,14.0,0.75,54.00,72.0,0.19444444444444445
0,Château Montlabert Saint-Èmilion Grand Cru 2019,14.0,0.75,54.00,72.0,0.19444444444444445
0,Joly Prestige Blanc de Noir Millésime Lieu-dit les Joines Champagne Brut 2019,13.0,0.75,50.15,66.86666666666666,0.19441674975074777
0,Victoria Geisse Gran Reserva Vintage Extra Brut 2020,12.0,0.75,46.30,61.73333333333333,0.19438444924406048
0,Arizcuren Finca el Foro 2019,14.5,0.75,55.99,74.65333333333334,0.1942311126986962
0,Beringer Private Reserve Napa Valley Chardonnay 2021,15.5,0.75,59.89,79.85333333333334,0.1941058607446986
0,Vitivinicola Fangareggi Bragher Spumante Brut,11.0,0.75,42.54,56.72,0.19393511988716503
0,Chateau Maucoil Privilege Chateauneuf-du-Pape 2017,15.5,0.75,59.99,79.98666666666666,0.19378229704950825
0,Substance Vineyard Collection Northridge Merlot Magnum 2016,15.5,1.5,120.00,80.0,0.19375
0,To Øl Brewtrance,12.9,0.375,24.98,66.61333333333333,0.19365492393915135
0,Jacquinot Blanc de Noirs Champagne Brut,12.0,0.75,46.50,62.0,0.1935483870967742
0,Château Gassier 946 Rosé 2021,13.0,0.75,50.48,67.30666666666666,0.19314580031695724
0,Koskenkorva Foraged Vodka,40.0,0.7,145.00,207.14285714285717,0.19310344827586204
0,Poggio al Tesoro Solosole Pagus Camilla Bolgheri Vermentino 2017,14.0,0.75,54.41,72.54666666666667,0.19297923175886786
0,Sattlerhof Ried Pfarrweingarten Morillon 2015,13.5,0.75,52.49,69.98666666666666,0.19289388454943798
0,La Chouette de Champillon Champagne Brut Piccolo,12.5,0.2,12.99,64.95,0.1924557351809084
0,Valduero Reserva Tierra Alta de 2 cotas 2016,14.0,0.75,54.60,72.8,0.19230769230769232
0,Elisabeth Cognac XO Extra,40.0,0.7,145.95,208.5,0.19184652278177458
0,Patricius Tokaj Aszú 5 Puttonyos  2017,11.5,0.5,29.98,59.96,0.19179452968645763
0,Dobogó Tokaji Aszú 5 Puttonyos 2013,11.5,0.5,29.98,59.96,0.19179452968645763
0,Arnaud Margaine Premier Cru Champagne Brut,12.5,0.75,48.89,65.18666666666667,0.19175700552260175
0,Montaudon Millésimé Champagne Brut 2015,12.0,0.75,46.98,62.63999999999999,0.19157088122605365
0,Barone Pizzini Animante L.A. Franciacorta Dosaggio Zero,12.0,0.75,46.98,62.63999999999999,0.19157088122605365
0,Ridgeview Fitzrovia Rosé Brut,12.0,0.75,46.98,62.63999999999999,0.19157088122605365
0,Piper-Heidsieck Champagne Brut lahjapakkaus,12.0,0.75,46.99,62.653333333333336,0.1915301127899553
0,Joseph Perrier Organic Cuvée Royale Champagne Extra Brut,12.0,0.75,46.99,62.653333333333336,0.1915301127899553
0,Cocchi Alta Langa Rösa Brut 2017,12.0,0.75,47.00,62.666666666666664,0.19148936170212766
0,Pol Couronne Rosé Champagne Brut,12.0,0.75,47.01,62.68,0.1914486279514997
0,Ferghettina Satén Franciacorta Brut 2018,12.5,0.75,48.99,65.32000000000001,0.19136558481322716
0,Roland Lavantureux Chablis 1er Cru Vau de Vey 2020,12.5,0.75,48.99,65.32000000000001,0.19136558481322716
0,Arnaud Margaine Premier Cru Champagne Demi Sec,12.0,0.75,47.05,62.73333333333333,0.19128586609989376
0,Loimer Langenlois Steinmassl Riesling Erste Lage 2015,14.0,0.75,54.90,73.2,0.1912568306010929
0,Domaine Belle Crozes-Hermitage Roche Blanche 2022,14.0,0.75,54.91,73.21333333333332,0.19122199963576764
0,Domaine du Vieux Lazaret Châteauneuf-du-Pape Cuvée Exceptionelle 2017,15.0,0.75,58.89,78.52,0.19103413143148243
0,La Unica,14.0,0.75,54.98,73.30666666666666,0.1909785376500546
0,Caro 2015,14.0,0.75,54.98,73.30666666666666,0.1909785376500546
0,Borgogno Barolo 2019,14.0,0.75,54.99,73.32000000000001,0.19094380796508453
0,Scarpa La Bogliona Barbera d´Asti Superiore 2016,14.0,0.75,55.00,73.33333333333333,0.19090909090909092
0,Glenfarclas 105 for Suomi-Finland 1917-2022 Single Malt,60.0,0.7,220.03,314.3285714285714,0.1908830614007181
0,Aalto 2021,14.5,0.75,56.98,75.97333333333333,0.19085644085644088
0,Borgo Salcetino I Salci Gran Selezione 2016,14.5,0.75,56.98,75.97333333333333,0.19085644085644088
0,Gil Family Estates Clar del Bosc 2020,15.0,0.75,58.98,78.64,0.19074262461851474
0,Glen Moray 21 Year Old Portwood Finish Single Malt,46.3,0.7,169.99,242.84285714285718,0.19065827401611854
0,Geoffroy Expression Magnum Champagne Brut,12.5,1.5,98.48,65.65333333333334,0.19039398862713242
0,Courvoisier XO,40.0,0.7,147.58,210.82857142857145,0.18972760536658081
0,Chateau Musar 2016,14.0,0.375,27.69,73.84,0.18959913326110509
0,Henners Brut,12.0,0.75,47.49,63.32,0.18951358180669614
0,André Clouet Rosé Champagne Brut Magnum,12.0,1.5,95.00,63.333333333333336,0.18947368421052632
0,La Bioca Barbaresco Riserva La Secondine 2016,15.0,0.75,59.43,79.24,0.18929833417465927
0,Gonet Sulcova Rose Champagne Sec,12.5,0.75,49.53,66.04,0.18927922471229555
0,Haton Cuvée Réserve Champagne Brut,12.5,0.75,49.60,66.13333333333334,0.18901209677419353
0,Rene Collet Rose Champagne Brut,12.5,0.75,49.60,66.13333333333334,0.18901209677419353
0,Louis Chenu Pere & Filles Savigny Vieilles Vignes 2021,12.5,0.75,49.60,66.13333333333334,0.18901209677419353
0,Rene Collet Silex & Craie Chardonnay Champagne Extra Brut,12.5,0.75,49.60,66.13333333333334,0.18901209677419353
0,Villa di Capezzana Carmignano 10 Anni 2013,14.0,0.75,55.61,74.14666666666666,0.1888149613378889
0,Domaine Tour Saint Michel Châteauneuf-du-Pape Feminessance 2019,16.0,0.75,63.63,84.84,0.1885902876001886
0,Paul Goerg Premier Cru Rosé Champagne Brut,12.0,0.75,47.78,63.70666666666667,0.18836333193804938
0,Escarpment Te Rehua Pinot Noir 2019,13.5,0.75,53.77,71.69333333333334,0.18830202715268735
0,G.H. Martel & Co Champagne Rosé Brut,12.0,0.375,23.90,63.73333333333333,0.1882845188284519
0,The Glenrothes 18 Year Old Single Malt,43.0,0.7,159.95,228.5,0.18818380743982493
0,Janneau Vintage 1979 Armagnac,43.0,0.7,160.00,228.57142857142858,0.188125
0,Dalva Colheita 1999,20.0,0.75,79.77,106.36,0.188040616773223
0,Tenuta Iuzzolini Paternum 2015,15.5,0.75,61.84,82.45333333333333,0.18798512289780078
0,Marquis de Caussade Armagnac 1972,40.0,0.7,148.99,212.84285714285716,0.18793207597825357
0,Nyetimber Classic Cuvée Brut,12.0,0.75,47.89,63.85333333333333,0.18793067446230946
0,Legras & Haas Chouilly Grand Cru Blanc de Blancs Champagne Brut,12.5,0.75,49.90,66.53333333333333,0.187875751503006
0,Paul Blanck Riesling Wineck-Schlossberg Grand Cru 2017,12.5,0.75,49.90,66.53333333333333,0.187875751503006
0,Château Quinault L'Enclos 2018,14.0,0.75,55.90,74.53333333333333,0.18783542039355994
0,Gianni Gagliardo Barolo 2018,14.5,0.75,57.90,77.2,0.1878238341968912
0,Octomore 11.3 Single Malt,61.7,0.7,229.98,328.54285714285714,0.18779893903817724
0,Tribaut Schloesser Vallée de Brunet Blanc de Chardonnay Champagne Extra Brut,12.5,1.5,99.89,66.59333333333333,0.18770647712483732
0,Ferrari Perlé Bianco Riserva Brut 2013,12.5,0.75,49.95,66.60000000000001,0.18768768768768768
0,Nyetimber Classic Cuvee Brut,12.0,0.375,23.98,63.946666666666665,0.18765638031693077
0,Fleury Fleur de l'Europe Champagne Brut Nature,12.0,0.75,47.98,63.97333333333333,0.18757815756565235
0,Hattingley Valley Rosé Brut 2014,12.5,0.75,49.98,66.64,0.1875750300120048
0,Alfred Gratien Champagne Brut,12.5,0.75,49.98,66.64,0.1875750300120048
0,Alfred Gratien Rose Champagne Brut,12.5,0.75,49.98,66.64,0.1875750300120048
0,Brezza Cannubi Barolo 2015,14.5,0.75,57.98,77.30666666666666,0.1875646774749914
0,Numanthia 2016,15.0,0.75,59.98,79.97333333333333,0.1875625208402801
0,Nicolas Feuillatte Réserve Exclusive Champagne Brut Magnum,12.0,1.5,95.98,63.98666666666667,0.1875390706397166
0,Ten Minutes by Tractor Up the Hill Estate Pinot Noir 2021,12.5,0.75,49.99,66.65333333333334,0.1875375075015003
0,Rémi Leroy Champagne Rosé Brut,12.5,0.75,49.99,66.65333333333334,0.1875375075015003
0,JM Sélèque Solessence Champagne Extra Brut,12.5,0.75,49.99,66.65333333333334,0.1875375075015003
0,Michel Gonet Grand Cru Blanc de Blanc Champagne Zero Dosage,12.5,0.75,49.99,66.65333333333334,0.1875375075015003
0,Coral Duero Las Parvas 2017,15.0,0.75,59.99,79.98666666666666,0.18753125520920153
0,Contratto For England Blanc de Noir Pas Dosé 2017,12.5,0.75,50.00,66.66666666666667,0.1875
0,Schloss Lieser Brauneberger Juffer Riesling Kabinett 2021,8.5,0.75,34.00,45.333333333333336,0.1875
0,Camille Giroud Marsannay Longeroies 2020,14.0,0.75,56.00,74.66666666666667,0.1875
0,Hardy Noces d'Argent Fine Champagne,40.0,0.7,149.49,213.55714285714288,0.1873034985617767
0,Lelarge-Pugeot Tradition 1er Cru Champagne Extra Brut 2017,12.5,0.75,50.10,66.8,0.18712574850299402
0,Williams & Humbert Gran Duque de Alba Solera Gran Reserva Oro Brandy de Jerez,40.0,0.7,149.98,214.25714285714287,0.1866915588745166
0,Mortlach 13 Year Old Special Release 2021 Single Malt,55.9,0.7,209.98,299.9714285714286,0.1863510810553386
0,La Fiorita Brunello di Montalcino 2017,15.0,0.75,60.46,80.61333333333333,0.18607343698312934
0,Cocchi Vermouth di Torino,16.0,0.05,4.30,85.99999999999999,0.186046511627907
0,Octomore 13.3 Single Malt,61.1,0.7,229.99,328.5571428571429,0.1859646071568329
0,Smakbyns Apelbrand,42.0,0.5,112.97,225.94,0.18589005930778082
0,Auvigue Pouilly-Fuissé Premier Cru Le Clos de Solutré 2021,13.0,0.75,52.49,69.98666666666666,0.1857496666031625
0,Domaine Nowack Assemblage S. A. Champagne Extra-Brut,12.0,0.75,48.49,64.65333333333334,0.1856052794390596
0,Moutard Père & Fils Grande Cuvée Blanc de Noirs Champagne Brut Magnum,12.0,1.5,96.99,64.66,0.18558614290133005
0,Rathfinny Blanc de Noirs Brut 2018,12.0,0.75,48.50,64.66666666666667,0.18556701030927833
0,Vve Fourny & Fils Blanc de Blancs Champagne Brut Nature,12.0,0.75,48.50,64.66666666666667,0.18556701030927833
0,Fallet Dart Cuvée de Réserve Champagne Demi-Sec,12.5,0.75,50.69,67.58666666666666,0.18494772144407182
0,Fallet Dart Cuvée de Réserve Champagne Brut,12.5,0.75,50.69,67.58666666666666,0.18494772144407182
0,Drappier Carte d'Or Champagne Brut,12.0,0.2,12.99,64.95,0.18475750577367206
0,Duckhorn Napa Valley Merlot 2019,14.5,0.75,58.90,78.53333333333333,0.18463497453310695
0,Orenda Malbec 2019,15.0,0.75,60.94,81.25333333333333,0.1846078109616016
0,Orenda Cabernet Sauvignon 2019,15.0,0.75,60.94,81.25333333333333,0.1846078109616016
0,Virna Barolo del Comune di Barolo 2012,14.0,0.75,56.90,75.86666666666666,0.18453427065026365
0,Domaine de l'Horizon Blanc 2017,13.0,0.75,52.86,70.48,0.18444948921679907
0,Viñedos de Sonsierra El Rincón de los Galos Viñedo Singular 2017,14.5,0.75,58.98,78.64,0.18438453713123093
0,El Esteco Chañar Punco 2015,14.5,0.75,58.98,78.64,0.18438453713123093
0,Tenuta La Fuga Brunello di Montalcino 2017,14.5,0.75,58.99,78.65333333333334,0.18435328021698594
0,Cabreo Il Borgo 2019,14.5,0.75,58.99,78.65333333333334,0.18435328021698594
0,Vietti Barbera d'Asti La Crena 2020,14.0,0.75,56.98,75.97333333333333,0.18427518427518427
0,Lindemans Apple Lambic,3.5,0.25,4.75,19.0,0.18421052631578946
0,Camille Giroud Ladoix Les Chaillots 2020,13.5,0.75,54.99,73.32000000000001,0.1841243862520458
0,Geoffroy Expression Premier Cru Champagne Brut,12.0,0.75,48.89,65.18666666666667,0.18408672530169767
0,Tupinier-Bautista Mercurey Premier Cru En Sazenay Rouge 2021,13.5,0.75,55.01,73.34666666666666,0.18405744410107253
0,Tupinier-Bautista Mercurey Premier Cru En Sazenay Blanc 2020,13.5,0.75,55.01,73.34666666666666,0.18405744410107253
0,Reichsgraf von Kesselstatt Kasele Nies'chen Riesling Trocken GG 2017,12.0,0.75,48.90,65.2,0.18404907975460122
0,Ployez-Jacquemart Champagne Extra Quality Brut,12.0,0.75,48.90,65.2,0.18404907975460122
0,Ardbeg Anthology The Harpy's Tale 13 Year Old Single Malt,46.0,0.7,174.98,249.97142857142856,0.18402103097496858
0,Deutz Champagne Demi-Sec,12.0,0.75,48.95,65.26666666666667,0.18386108273748725
0,Ainoa Kuningatar 2020,12.5,0.375,25.50,68.0,0.18382352941176472
0,J. Charpentier Millésime Champagne Brut 2018,12.0,0.75,48.98,65.30666666666666,0.18374846876276033
0,Moric Jagini Zagersdorf 2012,13.5,0.75,55.12,73.49333333333333,0.1836901306240929
0,Ambriel Rosé Extra Dry 2015,11.5,0.75,46.98,62.63999999999999,0.18358876117496808
0,E. Guigal Condrieu 2020,14.5,0.75,59.45,79.26666666666667,0.18292682926829268
0,Liébart-Régnier Champagne Rosé Brut,12.0,0.75,49.30,65.73333333333333,0.18255578093306288
0,Delavenne Grand Cru Champagne Original 60/40 Brut,12.5,0.75,51.50,68.66666666666667,0.18203883495145629
0,Gonzalez Byass Noe Pedro Ximénez Sherry,15.5,0.375,31.98,85.28,0.18175422138836772
0,Gini Tenuta Scajari Le Mattoline Valpolicella Superiore 2013,14.5,0.75,59.84,79.78666666666668,0.18173462566844917
0,Pierre Gimonnet Cuvée Cuis 1er Cru Blanc de Blancs Champagne Brut,12.5,0.75,51.60,68.8,0.18168604651162792
0,Dr. Wehrheim Kastanienbusch Köppel Riesling Trocken Grosses Gewächs 2018,13.5,0.75,55.75,74.33333333333333,0.18161434977578478
0,Terre Nere San Lorenzo 2021,14.5,0.75,59.90,79.86666666666666,0.18155258764607682
0,Quinta de S. José Grande Reserva 2019,14.5,0.75,59.95,79.93333333333334,0.18140116763969974
0,Escarpment Kiwa Single Vineyard Pinot Noir 2018,13.0,0.75,53.76,71.67999999999999,0.18136160714285715
0,Alta Alella Dolç Mataró 2020,14.5,0.375,29.99,79.97333333333333,0.18131043681227077
0,Quinta de Porrais Reserva 2018,14.5,0.75,59.99,79.98666666666666,0.18128021336889483
0,Oddero Barolo 2018,14.5,0.75,59.99,79.98666666666666,0.18128021336889483
0,Errazuriz Don Maximiano Founders Reserve 2008,14.5,0.75,59.99,79.98666666666666,0.18128021336889483
0,Moccagatta Barbaresco Cole 2015,14.5,0.75,59.99,79.98666666666666,0.18128021336889483
0,Vajra Moscato d'Asti 2022,5.5,0.375,11.40,30.400000000000002,0.18092105263157893
0,Gosset Champagne Extra-Brut,12.0,0.75,49.80,66.39999999999999,0.1807228915662651
0,Guy Charlemagne Champagne Brut Nature,12.0,0.75,49.83,66.44,0.1806140878988561
0,Knoll Loibenberg Riesling Smaragd 2021,13.0,0.75,53.99,71.98666666666666,0.18058899796258568
0,André Clouet Chalky Champagne Brut,12.0,0.75,49.89,66.52,0.1803968731208659
0,André Clouet Rosé Champagne Brut,12.0,0.75,49.89,66.52,0.1803968731208659
0,A.D Coutelas Louis Victor Solera Champagne Extra Brut,12.0,0.75,49.90,66.53333333333333,0.18036072144288579
0,Alexandre Penet Grand Cru Champagne Brut Nature,12.0,0.75,49.90,66.53333333333333,0.18036072144288579
0,Kloster Eberbach Rüdesheimer Berg Schlossberg Spätburgunder GG 2018,12.5,0.75,51.98,69.30666666666666,0.18035782993459026
0,Bonnet Grande Réserve Champagne Brut,12.5,0.375,25.99,69.30666666666666,0.18035782993459026
0,Pertois-LeBrun L´Extravertie Blanc de Blancs Champagne Extra Brut,12.0,0.75,49.91,66.54666666666667,0.180324584251653
0,Bodegas Montecillo Viña Monty Reserva Viura Tempranillo Blanco 2016,12.5,0.75,51.99,69.32000000000001,0.18032313906520483
0,Lanson Le Black Création Champagne Brut,12.5,0.75,51.99,69.32000000000001,0.18032313906520483
0,Jean Michel Meunier Champagne Brut 2014,12.0,0.75,49.93,66.57333333333334,0.18025235329461245
0,Christian Tschida Birdscape 2022,12.0,0.75,49.96,66.61333333333333,0.1801441152922338
0,Villa Maria Reserve Noble Riesling 2021,12.0,0.375,24.98,66.61333333333333,0.1801441152922338
0,Francis Orban Rosé Champagne Brut,12.0,0.75,49.98,66.64,0.18007202881152462
0,Gratiot-Pillière Millésime Champagne Brut 2015,12.0,0.75,49.98,66.64,0.18007202881152462
0,Francis Orban Vieilles Vignes Réserve Champagne Brut,12.0,0.75,49.98,66.64,0.18007202881152462
0,Charles de Cazanove Rosé Champagne Brut,12.0,0.75,49.98,66.64,0.18007202881152462
0,Drappier Rosé de Saignée Champagne Brut,12.0,0.75,49.98,66.64,0.18007202881152462
0,Drappier Champagne Brut Nature,12.0,0.75,49.98,66.64,0.18007202881152462
0,Loimer Langenlois Grosse Reserve Blanc de Blancs Brut Nature  2017,12.0,0.75,49.99,66.65333333333334,0.18003600720144028
0,Fleury Blanc de Noirs Champagne Brut,12.0,0.75,49.99,66.65333333333334,0.18003600720144028
0,Joseph Perrier Cuvée Royale Champagne Brut Nature Magnum,12.0,1.5,99.99,66.66,0.18001800180018002
0,Palmer & Co. Réserve Champagne Brut,12.0,0.75,50.00,66.66666666666667,0.18
0,Octomore 14.3 Single Malt,61.4,0.7,239.00,341.42857142857144,0.17983263598326357
0,Mauro Molino Barolo Gallinotto 2019,14.0,0.75,58.40,77.86666666666666,0.17979452054794523
0,Fallet Dart Champagne Rosé Brut,12.5,0.75,52.20,69.60000000000001,0.17959770114942528
0,Brinkhall's Eeva C.,12.0,0.375,25.10,66.93333333333334,0.1792828685258964
0,Paul Blanck Pinot Noir F 2016,13.0,0.75,54.50,72.66666666666667,0.17889908256880732
0,Heidsieck Monopole Blue Top Champagne Brut,12.5,0.2,13.98,69.89999999999999,0.178826895565093
0,Forget-Chemin Special Club Champagne Brut 2015,12.0,0.75,50.35,67.13333333333334,0.17874875868917575
0,Baumann-Zirgel Gewurztraminer Vendanges Tardives 2018,13.5,0.5,37.79,75.58,0.17861868219105584
0,Salmon Collection Meunier Champagne Brut,12.5,0.75,52.49,69.98666666666666,0.17860544865688704
0,Jean Loron Pouilly-Fuissé 1er Cru Au Vignerais 2021,13.0,0.75,54.60,72.8,0.17857142857142858
0,Orenda Syrah 2019,14.5,0.75,60.94,81.25333333333333,0.17845421726288152
0,Ainoa Suven Taika 2020,13.0,0.35,25.50,72.85714285714286,0.17843137254901958
0,Teso La Monja Victorino 2019,14.5,0.75,61.00,81.33333333333333,0.17827868852459017
0,Cono Sur Ocio 2020,14.0,0.75,58.90,78.53333333333333,0.17826825127334467
0,Nittnaus Beerenauslese Rosé Exquisit 2021,9.0,0.375,18.95,50.53333333333333,0.17810026385224276
0,Viñedos de Sonsierra El Manao Viñedo Singular 2018,14.0,0.75,58.98,78.64,0.1780264496439471
0,Singleton Glendullan 19 Year Old Special Release 2021 Single Malt,54.6,0.7,214.98,307.1142857142857,0.17778397990510747
0,A. Bergère Origine Champagne Brut,12.0,0.375,25.48,67.94666666666667,0.17660910518053374
0,Pujanza S.J. Anteportalatina 2017,13.0,0.75,55.22,73.62666666666667,0.1765664614270192
0,Cardhu 16 Year Old Special Release 2022 Single Malt,58.0,0.7,229.98,328.54285714285714,0.17653709018175492
0,Piper-Heidsieck Champagne Brut Magnum,12.0,1.5,101.98,67.98666666666666,0.1765051970974701
0,Château Clarke Baron Edmond de Rothschild 2009,14.0,0.75,59.55,79.39999999999999,0.17632241813602018
0,Lecomte Pere & Fils Cuvee Darling Champagne Brut,12.0,0.75,51.06,68.08,0.17626321974148063
0,Dr. Pauly-Bergweiler Wehlener Sonnenuhr Riesling Auslese 2012,9.0,0.75,38.30,51.06666666666666,0.17624020887728462
0,Grosset Polish Hill Riesling 2022,12.9,0.75,54.90,73.2,0.1762295081967213
0,Masi Riserva di Costasera Amarone Classico 2017,15.5,0.75,65.98,87.97333333333334,0.1761897544710518
0,El Ixsir White 2016,14.0,0.75,59.60,79.46666666666667,0.1761744966442953
0,Château Monbrison 2013,13.0,0.75,55.36,73.81333333333333,0.1761199421965318
0,Gaja Promis 2021,13.5,0.75,57.50,76.66666666666667,0.1760869565217391
0,Maison Sinnae Les Corréges 2021,14.0,0.75,59.63,79.50666666666667,0.1760858628207278
0,Les 3 Cellier Privilège Châteauneuf du Pape 2019,15.0,0.75,63.90,85.2,0.176056338028169
0,Raymond Reserve Selection Cabernet Sauvignon 2016,15.0,0.75,63.90,85.2,0.176056338028169
0,Giacomo Fenocchio Barolo Bussia 2018,14.5,0.75,61.80,82.39999999999999,0.17597087378640777
0,Virginie de Valandraud 2018,15.0,0.75,63.96,85.28,0.17589118198874296
0,Domaine du Vieux Télégraphe Châteauneuf-du-Pape Piedlong 2019,14.5,0.75,61.84,82.45333333333333,0.17585705045278138
0,Pannier Sélection Champagne Brut,12.0,0.375,25.60,68.26666666666667,0.17578125
0,Ambriel Classic Cuvée,11.0,0.75,46.98,62.63999999999999,0.17560664112388252
0,Château Angludet 2018,13.5,0.75,57.66,76.88,0.1755983350676379
0,Franco Conterno Barolo Panerole 2017,14.0,0.375,29.90,79.73333333333333,0.17558528428093645
0,Christophe Pichon Côte-Rotie Promesse 2020,14.0,0.75,59.89,79.85333333333334,0.17532142260811487
0,La Selvatica Asti Dolce,7.0,0.375,14.98,39.946666666666665,0.17523364485981308
0,Château Galoupet Cru Classé de Provence Rosé 2022,14.0,0.75,59.94,79.92,0.17517517517517517
0,Attilio Ghisolfi Barolo Bricco Visette 2017,14.0,0.75,59.95,79.93333333333334,0.1751459549624687
0,Chateau Musar Magnum 2015,14.0,1.5,119.90,79.93333333333334,0.1751459549624687
0,Clendenen Family Vineyards Le Bon Climat Second Coming Viognier 2016,14.0,0.75,59.98,79.97333333333333,0.17505835278426143
0,Col di Lamo Brunello di Montalcino 2016,14.0,0.75,59.99,79.98666666666666,0.1750291715285881
0,Pian delle Vigne Brunello di Montalcino 2018,14.0,0.75,59.99,79.98666666666666,0.1750291715285881
0,Reyneke Reserve Red 2016,14.0,0.75,59.99,79.98666666666666,0.1750291715285881
0,Martell Cordon Bleu Extra Old,40.0,0.7,159.99,228.55714285714288,0.17501093818363647
0,Royal Salute 21 Year Old Signature Blend keraaminen pullo,40.0,0.7,159.99,228.55714285714288,0.17501093818363647
0,The Benriach 21 Year Old Single Malt,46.0,0.7,183.99,262.84285714285716,0.17500951138648838
0,Domaine Marguerite Carillon Pommard 2018,13.5,0.75,57.91,77.21333333333332,0.17484026938352618
0,Domaine du Petit Métris Quarts de Chaume Grand Cru 2015,12.5,0.75,53.63,71.50666666666667,0.17480887562931194
0,Brinkhall's Eeva M. 2016,14.0,0.375,30.07,80.18666666666667,0.17459261722647157
0,Chateau Musar Magnum 2012,14.5,1.5,124.99,83.32666666666667,0.1740139211136891
0,Loriot-Pagel Carte D'or Champagne Brut,12.5,0.75,53.98,71.97333333333333,0.1736754353464246
0,Yarden Heightswine 2019,12.5,0.375,26.99,71.97333333333333,0.1736754353464246
0,Matthiasson Napa Valley Linda Vista Vineyard Chardonnay 2021,12.5,0.75,53.99,71.98666666666666,0.173643267271717
0,Nicolas Feuillatte Réserve Exclusive Premier Cru Champagne Extra Brut,12.0,0.75,51.90,69.2,0.17341040462427745
0,Huré Frères Invitation Champagne Brut,12.0,0.75,51.98,69.30666666666666,0.17314351673720663
0,Renault XO Carte d’Argent,40.0,0.7,161.98,231.4,0.17286084701815038
0,3 Fonteinen Cuvée Armand & Gaston Oude Geuze,7.6,0.375,16.49,43.97333333333333,0.17283201940570042
0,Mastrojanni Brunello di Montalcino 2017,14.5,0.75,62.98,83.97333333333333,0.1726738647189584
0,Pongrácz Desiderius Brut 2013,11.5,0.75,49.98,66.64,0.17256902761104442
0,Bottega Rose Gold Brut Magnifico Glass Giftpack,11.5,0.75,49.98,66.64,0.17256902761104442
0,Moss Primitivo di Manduria Riserva 2016,16.0,0.75,69.61,92.81333333333333,0.172389024565436
0,Tenute Sella Lessona Omaggio a Quintino Sella 2011,13.0,0.75,56.56,75.41333333333334,0.17238330975954735
0,Georges Vesselle Grand Cru à Bouzy Champagne Brut Nature 2015,12.5,0.75,54.42,72.56,0.17227122381477397
0,Bonnet-Ponson Perpétuelle Premier Cru Champagne Non Dosé,12.5,0.75,54.42,72.56,0.17227122381477397
0,Delavenne Grand Cru L´île Champagne Demi-Sec,12.5,0.75,54.49,72.65333333333334,0.17204991741603964
0,Delas Chante Perdrix Cornas 2020,13.5,0.75,58.90,78.53333333333333,0.17190152801358236
0,Château Belgrave Grand Cru 2015,13.5,0.75,58.90,78.53333333333333,0.17190152801358236
0,Nicolas Feuillatte Réserve Exclusive Champagne Brut,12.0,0.2,13.98,69.89999999999999,0.1716738197424893
0,Ainoa Vaapukka 2020,12.5,0.35,25.50,72.85714285714286,0.1715686274509804
0,Nicolas Feuillatte Collection Organic Champagne Brut,12.0,0.75,52.49,69.98666666666666,0.17146123071061156
0,Lombard Villedommange 1er Cru Lieu-dit Les Ribauds Champagne Extra Brut,12.5,0.75,54.68,72.90666666666667,0.17145208485735186
0,Georges Vesselle Grand Cru Champagne Brut Nature 2015,12.5,0.75,54.69,72.92,0.1714207350521119
0,Lindemans Gingergueuze,6.0,0.75,26.26,35.013333333333335,0.17136329017517135
0,Leitz Berg Roseneck Rüdesheim Riesling 2019,13.0,0.75,56.90,75.86666666666666,0.17135325131810195
0,Leitz Berg Rosengarten Rüdesheim Riesling 2019,13.0,0.75,56.90,75.86666666666666,0.17135325131810195
0,Torii Mor Deux Verres Reserve Pinot Noir 2021,13.0,0.75,56.93,75.90666666666667,0.1712629545055331
0,Michel Laval Ut Prius Champagne Brut,12.5,0.75,54.75,73.0,0.17123287671232876
0,Cesari Bosan Amarone della Valpolicella Riserva 2013,15.5,0.75,67.90,90.53333333333335,0.17120765832106036
0,Piombaia Brunello di Montalcino 2016,13.0,0.75,56.98,75.97333333333333,0.17111267111267112
0,Deutz Classic Champagne Brut,12.0,0.75,52.61,70.14666666666666,0.17107013875689034
0,Château de Fieuzal 2013,13.0,0.75,57.02,76.02666666666667,0.17099263416345142
0,Ayala Majeur Champagne Brut,12.0,0.75,52.69,70.25333333333333,0.17081040045549442
0,Bava Moscato d'Asti 2021,4.5,0.75,19.76,26.346666666666668,0.1707995951417004
0,Fritz Haag Brauneberger Juffer Sonnenuhr Riesling Trocken GG 2020,12.5,0.75,54.90,73.2,0.17076502732240437
0,Reviseur XO Single Estate Petite Champagne,40.0,0.7,164.00,234.2857142857143,0.17073170731707316
0,Le Dragon De Quintus 2017,14.5,0.75,63.70,84.93333333333334,0.17072213500784927
0,Vietti Cascinetta Moscato d'Asti 2022,5.0,0.75,21.99,29.319999999999997,0.17053206002728516
0,Loriot-Pagel Champagne Brut Nature,12.5,0.75,54.98,73.30666666666666,0.17051655147326303
0,Waris-Larmandier Racines de Trois Champagne Brut,12.5,0.75,54.98,73.30666666666666,0.17051655147326303
0,Champagne Gaston Chiquet Tradition Premier Brut,12.5,0.75,54.98,73.30666666666666,0.17051655147326303
0,Alexandre Bonnet Blanc de Noirs Champagne Extra Brut,12.5,0.75,54.98,73.30666666666666,0.17051655147326303
0,Gaston Chiquet Cuvée de Réserve Brut,12.5,0.75,54.98,73.30666666666666,0.17051655147326303
0,Camille Giroud Saint-Romain Sous le Château 2020,12.5,0.75,54.99,73.32000000000001,0.17048554282596834
0,Jacquart Rosé Champagne Brut,12.5,0.75,55.00,73.33333333333333,0.17045454545454547
0,Elemart Robion VB03 Extra Champagne Brut,12.5,0.75,55.00,73.33333333333333,0.17045454545454547
0,De Saint-Gall L’Expressif Grand Cru Champagne Extra Brut,12.5,0.75,55.00,73.33333333333333,0.17045454545454547
0,Alexandre Bonnet Rosé des Riceys La Forêt 2019,12.5,0.75,55.00,73.33333333333333,0.17045454545454547
0,Joseph Mellot Pouilly-Fumé Les Grands Edvins 2018,15.0,0.75,66.00,88.0,0.17045454545454544
0,Orenda Cabernet Franc 2018,15.0,0.75,66.02,88.02666666666666,0.17040290820963347
0,A.D. Coutelas Assemblage Rosé Champagne Brut,12.0,0.75,52.85,70.46666666666667,0.17029328287606432
0,Hervieux-Dumez Réserve Premier Cru Champagne Brut,12.0,0.75,52.88,70.50666666666667,0.17019667170953098
0,Dumangin L' Extra Premier Cru Champagne Brut,12.0,0.75,52.89,70.52,0.17016449234259787
0,Marion-Bosser Premier Cru Champagne Brut,12.5,0.75,55.10,73.46666666666667,0.17014519056261343
0,Henriot Souverain Champagne Brut,12.0,0.75,52.90,70.53333333333333,0.17013232514177695
0,Drappier Blanc de Blancs Champagne Brut,12.0,0.75,52.98,70.64,0.16987542468856173
0,Chapel Down Three Graces Brut 2017,12.0,0.75,52.98,70.64,0.16987542468856173
0,Loriot-Pagel Rosé Champagne Brut,12.5,0.75,55.19,73.58666666666666,0.16986772966117053
0,Cocchi Barolo Chinato,16.5,0.5,48.57,97.14,0.169857936998147
0,André Clouet Dream Vintage Champagne Brut 2013,12.0,0.75,52.99,70.65333333333334,0.16984336667295716
0,Nicolas Feuillatte Collection Vintage Blanc de Blancs Champagne Brut 2017,12.0,0.75,52.99,70.65333333333334,0.16984336667295716
0,Nicolas Feuillatte Réserve Exclusive Rosé Champagne Brut Sérigraphie lahjapakkaus,12.0,0.75,52.99,70.65333333333334,0.16984336667295716
0,Gaston Chiquet Premier Cru Rosé Champagne Brut,12.5,0.75,55.21,73.61333333333333,0.16980619452997647
0,Marques de Murrieta Gran Reserva 2015,14.0,0.75,61.90,82.53333333333333,0.16962843295638128
0,Karthäuserhof Eitelsbacher Karthäuserhofberg Riesling Trocken GG 2018,13.5,0.75,59.79,79.72,0.16934269944806823
0,Brimoncourt Blanc de Blancs Champagne Brut,12.5,0.75,55.39,73.85333333333334,0.16925437804657878
0,Chanson Pernand-Vergelesses 1er Cru Les Vergellesses 2017,13.5,0.75,59.90,79.86666666666666,0.16903171953255428
0,Arpepe Sassella Stella Retica 2019,13.5,0.75,59.90,79.86666666666666,0.16903171953255428
0,Cloudy Bay Te Koko Sauvignon Blanc 2020,13.5,0.75,59.98,79.97333333333333,0.1688062687562521
0,Guerrieri Rizzardi Recioto di Soave Classico 2019,13.5,0.375,29.99,79.97333333333333,0.1688062687562521
0,Gran Faustino I Gran Reserva 2004,13.5,0.75,59.98,79.97333333333333,0.1688062687562521
0,Corvers Kauter Drachenstein Pinot Noir 2017,13.5,0.75,59.98,79.97333333333333,0.1688062687562521
0,Mazzei Castello Fonterutoli Chianti Classico Gran Selezione 2019,13.5,0.75,59.98,79.97333333333333,0.1688062687562521
0,Reyneke Reserve Red 2019,13.5,0.75,59.99,79.98666666666666,0.16877812968828138
0,Jean Luc Colombo Amour de Dieu Condrieu 2016,13.5,0.75,60.00,80.0,0.16875
0,Busi Jacobsohn Single Estate Rosé Extra Brut 2018,12.0,0.75,53.39,71.18666666666667,0.16857089342573514
0,Marion-Bosser Premier Cru Champagne Extra Brut,12.5,0.75,55.69,74.25333333333333,0.16834261088166638
0,Bonnet Ponson Rosé Champagne Extra Brut,12.5,0.75,55.70,74.26666666666667,0.16831238779174149
0,Drappier Clarevallis Champagne Extra Brut,12.0,0.75,53.48,71.30666666666666,0.16828721017202694
0,Clos Henri Patience Late Harvest 2019,13.0,0.375,28.99,77.30666666666666,0.1681614349775785
0,Baumann-Zirgel Vendanges Tardives Gewurtztraminer  2018,12.5,0.5,37.19,74.38,0.1680559290131756
0,Canard-Duchêne P.181 Champagne Extra Brut,12.0,0.75,53.60,71.46666666666667,0.16791044776119401
0,Marion-Bosser Premier Cru Rosé Champagne Brut,12.5,0.75,55.84,74.45333333333333,0.1678904011461318
0,Soufrandiere Pouilly-Fuissé Climat “En Chatenay” 2020,12.5,0.75,55.90,74.53333333333333,0.16771019677996424
0,Laurent Lequart Héritière Champagne Extra Brut,12.0,0.75,53.68,71.57333333333334,0.1676602086438152
0,Castello Romitorio Brunello di Montalcino 2017,14.5,0.75,64.90,86.53333333333335,0.1675654853620955
0,Rivetto Barolo del Comune di Serralunga d'Alba 2018,14.5,0.75,64.94,86.58666666666666,0.1674622728672621
0,Pommery Royal Blue Sky Champagne Demi-Sec,12.5,0.75,55.99,74.65333333333334,0.16744061439542776
0,G.D. Vajra Barolo Coste di Rose 2018,14.5,0.75,64.98,86.64,0.16735918744228995
0,Argiano Solengo 2020,14.5,0.75,64.98,86.64,0.16735918744228995
0,Artadi Quintanilla 2020,14.5,0.75,64.99,86.65333333333332,0.16733343591321745
0,Jiménez-Landi Ataulfos 2018,14.5,0.75,64.99,86.65333333333332,0.16733343591321745
0,Torres Mas La Plana 2018,14.5,0.75,64.99,86.65333333333332,0.16733343591321745
0,Oddero Barbaresco Gallina 2019,14.5,0.75,64.99,86.65333333333332,0.16733343591321745
0,Ridgeview Bloomsbury Brut,12.0,0.375,26.90,71.73333333333333,0.16728624535315986
0,Jean Vesselle Oeil de Perdrix Champagne Brut,12.0,0.75,53.80,71.73333333333333,0.16728624535315986
0,Canard-Duchêne Cuvée Léonie Rosé Champagne Brut,12.0,0.75,53.80,71.73333333333333,0.16728624535315986
0,Gaston Chiquet Blanc de Blancs D'Aÿ Grand Cru Champagne Brut,12.5,0.75,56.11,74.81333333333333,0.16708251648547495
0,Frank Cornelissen Munjebel Rosso 2021,12.5,0.75,56.15,74.86666666666666,0.16696349065004454
0,Giuseppe Quintarelli Primofiore 2019,14.0,0.75,62.96,83.94666666666667,0.1667725540025413
0,The Macallan Harmony Collection Amber Meadow Single Malt,44.2,0.7,185.53,265.04285714285714,0.16676548267126612
0,Guy Charlemagne Grand Cru Blanc De Blancs Champagne Brut,12.0,0.75,53.97,71.96,0.16675931072818234
0,Foradori Morei 2021,12.5,0.75,56.27,75.02666666666667,0.16660742846987736
0,Torii Mor Olson Estate Pinot Noir 2018,13.5,0.75,60.94,81.25333333333333,0.16614702986544141
0,Banfi Poggio alle Mura Brunello di Montalcino 2017,15.5,0.75,69.98,93.30666666666667,0.16611889111174621
0,Stephan Vineyards L'Aventure Optimus 2018,15.5,0.75,69.98,93.30666666666667,0.16611889111174621
0,Pavillon de Léoville Poyferré 2016,13.0,0.75,58.72,78.29333333333334,0.16604223433242507
0,Piper-Heidsieck Cuvée Sublime Champagne Demi-Sec,12.0,0.75,54.30,72.39999999999999,0.16574585635359118
0,Lindemans Strawberry,3.5,0.25,5.28,21.12,0.16571969696969696
0,Pintia 2018,15.0,0.75,67.99,90.65333333333332,0.1654655096337697
0,La Chablisienne Chablis Grand Cru Les Preuses 2017,13.0,0.75,58.94,78.58666666666666,0.165422463522226
0,Gonet Sulcova Grand Cru Champagne Extra Brut,12.0,0.75,54.44,72.58666666666666,0.16531961792799413
0,Au Bon Climat Pinot Noir Knox Alexander 2017,13.5,0.75,61.28,81.70666666666666,0.16522519582245432
0,Piper-Heidsieck Essentiel Champagne Extra Brut,12.0,0.75,54.50,72.66666666666667,0.16513761467889906
0,Palmer & Co Réserve Magnum Champagne Brut,12.0,1.5,109.00,72.66666666666667,0.16513761467889906
0,Kracher Noble Reserve Trockenbeerenauslese,11.0,0.375,24.98,66.61333333333333,0.16513210568454764
0,Vigna Senza Nome 2022,5.5,0.375,12.49,33.306666666666665,0.16513210568454764
0,Braida Brachetto d'Acqui 2022,5.5,0.375,12.49,33.306666666666665,0.16513210568454764
0,Les 3 Cellier Châteauneuf du Pape Réserve 2018,14.5,0.75,65.90,87.86666666666667,0.16502276176024278
0,Vietti Barolo Castiglione 2018,14.5,0.75,65.90,87.86666666666667,0.16502276176024278
0,Nederburg Private Bin R163 Cabernet Sauvignon 2018,14.5,0.75,65.90,87.86666666666667,0.16502276176024278
0,Tilquin Oude Quetsche,6.4,0.375,14.56,38.82666666666667,0.16483516483516483
0,Pol Roger Rich Champagne Demi-Sec,12.5,0.75,56.89,75.85333333333334,0.16479170328704515
0,Gonet Sulcova Cuvée Sakura Champagne Extra Brut,12.5,0.75,56.93,75.90666666666667,0.16467591779378185
0,Michel Gonet Mesnil sur Oger Grand Cru Blanc de Blanc Champagne Extra Brut 2015,12.5,0.75,56.98,75.97333333333333,0.16453141453141454
0,Pommery Royal Champagne Brut,12.5,0.75,56.98,75.97333333333333,0.16453141453141454
0,Henriet-Bazin Premier Cru Blanc de Blancs Champagne Extra Brut,12.5,0.75,57.10,76.13333333333334,0.16418563922942206
0,Château du Tertre 2020,13.0,0.75,59.50,79.33333333333333,0.1638655462184874
0,Clynelish 12 Year Old Special Release 2022 Single Malt,58.5,0.7,249.98,357.1142857142857,0.16381310504840388
0,Château Maison Blanche 2007,13.0,0.75,59.55,79.39999999999999,0.16372795969773302
0,Delavenne Pere & Fils Grand Cru Champagne Brut Nature,12.0,0.75,54.99,73.32000000000001,0.1636661211129296
0,Leclerc Briant Réserve Champagne Brut,12.0,0.75,54.99,73.32000000000001,0.1636661211129296
0,Drappier Rose Champagne Brut Nature,12.0,0.75,54.99,73.32000000000001,0.1636661211129296
0,Pierre Peters Grand Cru Cuvée de Réserve Blanc de Blancs Champagne  Brut,12.0,0.75,54.99,73.32000000000001,0.1636661211129296
0,Mumm Cordon Rouge Magnum Champagne Brut lahjapakkaus,12.0,1.5,109.99,73.32666666666667,0.1636512410219111
0,Pannier Vintage Champagne Brut Magnum 2012,12.0,1.5,110.00,73.33333333333333,0.16363636363636364
0,A.D Coutelas Vintage Champagne Extra Brut 2014,12.0,0.75,55.00,73.33333333333333,0.16363636363636364
0,Joseph Drouhin Gevrey-Chambertin 2019,13.5,0.75,61.90,82.53333333333333,0.1635702746365105
0,Bruno Rocca Barbaresco 2019,14.0,0.75,64.23,85.64,0.16347501167678655
0,Granbazán Veigalobos Albariño 2019,13.0,0.75,59.66,79.54666666666667,0.16342608112638285
0,Lanson Le Black Création Champagne Brut Magnum,12.5,1.5,114.99,76.66,0.16305765718758153
0,Salmon Meunier Rosé Champagne Brut,12.5,0.75,57.50,76.66666666666667,0.16304347826086957
0,Contino Gran Reserva 2015,14.0,1.5,128.98,85.98666666666666,0.16281594045588463
0,Joseph Drouhin Nuits-Saint-Georges 2018,13.0,0.75,59.89,79.85333333333334,0.16279846385039237
0,Château Marojallia 2018,14.5,0.75,66.82,89.09333333333332,0.1627506734510626
0,Hanssens Artisanaal Schaarbeekse Kriek,6.5,0.375,14.98,39.946666666666665,0.16271695594125501
0,Aalto Blanco de Parcela Fuente De Las Hontanillas 2022,13.0,0.75,59.99,79.98666666666666,0.16252708784797468
0,Reyneke Biodynamic Syrah Reserve 2018,13.0,0.75,59.99,79.98666666666666,0.16252708784797468
0,Thörle Saulheimer Hölle Spätburgunder Trocken 2019,13.0,0.75,59.99,79.98666666666666,0.16252708784797468
0,Château Cantemerle 2015,13.0,0.75,60.02,80.02666666666667,0.16244585138287237
0,Pagodes de Cos 2017,13.0,0.75,60.06,80.08,0.16233766233766234
0,Paul Blanck Pinot Gris Altenbourg Vendages Tardives  2015,13.5,0.75,62.50,83.33333333333333,0.162
0,Catena Nicasia Vineyard Malbec 2019,14.0,0.75,64.90,86.53333333333335,0.16178736517719566
0,Gaja Sito Moresco 2020,14.0,0.75,64.90,86.53333333333335,0.16178736517719566
0,Quinta Vale D. Maria Douro Tinto 2019,15.0,0.75,69.61,92.81333333333333,0.16161471053009624
0,Billecart-Salmon Réserve Champagne Brut,12.0,0.75,55.70,74.26666666666667,0.1615798922800718
0,Joseph Perrier Cuvée Royale Rosé Champagne Brut,12.0,0.75,55.90,74.53333333333333,0.16100178890876565
0,Noble House Beerenauslese 2016,9.0,0.375,20.98,55.946666666666665,0.16086749285033367
0,K Charlotte Magnum 2015,15.0,1.5,139.90,93.26666666666667,0.16082916368834882
0,Pierre Paillard Les Parcelles Grand Cru Champagne Extra Brut,12.5,0.75,58.30,77.73333333333333,0.16080617495711835
0,Palmer & Co Réserve Champagne Brut,12.0,0.375,27.99,74.64,0.1607717041800643
0,Mumm Le Rosé Champagne Brut,12.0,0.75,55.99,74.65333333333334,0.16074298981961063
0,Tellier Les Massales Champagne Extra Brut 2016,12.0,0.75,55.99,74.65333333333334,0.16074298981961063
0,Éric Taillet Blanc de Meunier Exlusiv'T Champagne Brut,12.0,0.75,55.99,74.65333333333334,0.16074298981961063
0,"Loriot-Pagel Cuvée de Réserve Millésimé Champagne Brut 
 2011",12.5,0.75,58.33,77.77333333333333,0.16072346991256645
0,Palmer & Co Nectar Réserve Champagne Demi-Sec,12.0,0.75,56.00,74.66666666666667,0.1607142857142857
0,Ermacora Picolit 2016,12.5,0.5,38.99,77.98,0.16029751218261093
0,Frank Cornelissen Munjebel Bianco 2020,12.0,0.75,56.15,74.86666666666666,0.16028495102404275
0,Brimoncourt Champagne Extra Brut,12.5,0.75,58.50,78.0,0.16025641025641027
0,Gunderloch Hipping Grosses Gewächs Riesling 2015,12.0,0.75,56.20,74.93333333333334,0.16014234875444838
0,Piper-Heidsieck Rosé Champagne Brut,12.0,0.75,56.29,75.05333333333333,0.15988630307337007
0,Franck Pascal Reliance Champagne Brut Nature,12.0,0.75,56.32,75.09333333333333,0.15980113636363635
0,Schloss Lieser Thomas Haag Brauneberger Juffer Riesling Kabinett 2021,7.5,0.75,35.21,46.946666666666665,0.15975575120704347
0,Mount Gay XO The Peat Smoke Expression,57.0,0.7,249.99,357.1285714285715,0.1596063842553702
0,Guerrieri Rizzardi Calcarole Amarone della Valpolicella Classico Riserva 2016,17.0,0.75,79.91,106.54666666666667,0.15955449881116257
0,Chanson Beaune Bastion Premier Cru 2018,13.5,0.75,63.55,84.73333333333333,0.15932336742722267
0,Château d'Armailhac 2018,14.5,0.75,68.26,91.01333333333334,0.1593173161441547
0,Vilmart & Cie Grande Réserve Premier Cru Champagne Brut,12.5,0.75,58.90,78.53333333333333,0.15916808149405773
0,Mád Late Harvest 2016,11.0,0.375,25.98,69.28,0.15877598152424943
0,Boker's Bitters,31.5,0.1,19.84,198.39999999999998,0.1587701612903226
0,Henriet-Bazin Grand Cru Léonard Rosé Champagne Brut,12.5,0.75,59.10,78.8,0.15862944162436549
0,Jérémy Arnaud Chablis Premier Cru 'Vau de Vey' 2020,13.0,0.75,61.53,82.04,0.1584592881521209
0,Chamlija Thracian 2017,15.0,0.75,71.00,94.66666666666667,0.1584507042253521
0,Roland Champion Grand Eclat Blanc de Blancs Grand Cru Champagne Brut 2015,12.5,0.75,59.20,78.93333333333334,0.15836148648648649
0,Glenfarclas 2003 Single Cask,55.9,0.7,247.30,353.28571428571433,0.15822887181560855
0,Château la Dominique 2013,13.5,0.75,64.02,85.36,0.15815370196813497
0,Maria Caterina Vin Santo di Montepulciano 2015,15.0,0.375,35.59,94.90666666666668,0.1580500140488901
0,Joseph Perrier Cuvée Royale Blanc De Blancs Champagne Brut,12.0,0.75,56.98,75.97333333333333,0.15795015795015796
0,FJ Regnery Klüsserather Bruderschaf GG Reserve Pinot Noir 2018,14.0,0.75,66.50,88.66666666666667,0.15789473684210525
0,Nittnaus Trockenbeerenauslese Exquisit 2018,10.5,0.375,24.98,66.61333333333333,0.15762610088070458
0,Damilano Lecinquevigne Barolo Riserva 2003,14.5,0.75,69.00,92.0,0.15760869565217392
0,Arnaud Margaine Premier Cru Rosé Champagne Brut,12.0,0.75,57.14,76.18666666666667,0.15750787539376968
0,Kuura Ice Cider,11.0,0.375,26.20,69.86666666666666,0.15744274809160308
0,Kilikia 2021,4.8,0.5,15.25,30.5,0.15737704918032785
0,Hervieux-Dumez Spécial Club Champagne Brut 2016,12.0,0.75,57.29,76.38666666666667,0.15709547914121139
0,Ridge Geyserville 2020,14.0,0.75,66.90,89.2,0.1569506726457399
0,Legras & Haas Rose Champagne Brut,12.5,0.75,59.78,79.70666666666666,0.15682502509200402
0,Ferrari Brut Jeroboam,12.0,3.0,229.90,76.63333333333334,0.156589821661592
0,Emrich-Schönleber Halenberg Riesling R 2017,12.5,0.75,59.90,79.86666666666666,0.15651085141903173
0,Pol Roger Pure Champagne Extra Brut,12.5,0.75,59.91,79.88,0.15648472709063596
0,Camus XO,40.0,0.7,179.00,255.71428571428572,0.1564245810055866
0,Laherte Freres Champagne Extra-Brut,12.5,0.75,59.94,79.92,0.1564064064064064
0,Ca' Del Bosco Vintage Collection Satèn Franciacorta Brut 2018,12.5,0.75,59.99,79.98666666666666,0.15627604600766795
0,Taittinger Nocturne Champagne Sec,12.5,0.75,59.99,79.98666666666666,0.15627604600766795
0,Dr. Bürklin-Wolf Ruppertsberger Gaisböhl Riesling Trocken G.C. Monopol 2021,12.5,0.75,59.99,79.98666666666666,0.15627604600766795
0,Rémi Leroy Blanc de Noirs Millésime Champagne Brut 2018,12.5,0.75,59.99,79.98666666666666,0.15627604600766795
0,Joseph Drouhin Meursault 2020,13.5,0.75,64.90,86.53333333333335,0.15600924499229582
0,Gonet Sulcova Millésime Grand Cru Champagne Brut 2006,12.0,1.5,115.48,76.98666666666666,0.15587114651887773
0,Bottega Il Vino Prêt-A-Porter Amarone della Valpolicella Classico Riserva 2017,16.0,0.75,76.99,102.65333333333332,0.15586439797376284
0,Ségla 2014,13.5,0.75,64.98,86.64,0.15581717451523547
0,Franco Conterno Barolo Bussia Riserva 2015,14.5,0.75,69.90,93.2,0.1555793991416309
0,Paolo Scavino Barolo Bricco Ambrogio 2014,14.5,0.75,69.95,93.26666666666667,0.15546819156540387
0,Schloss Lieser Niederberg Helden Riesling 2021,12.0,0.75,57.90,77.2,0.15544041450777202
0,Aresti Codigo de Familia 380 2011,14.5,0.75,69.97,93.29333333333334,0.15542375303701586
0,Caparzo La Casa Brunello di Montalcino 2018,14.5,0.75,69.98,93.30666666666667,0.15540154329808517
0,Imperial Gran Reserva 2016,14.5,0.75,69.98,93.30666666666667,0.15540154329808517
0,Château Marquis d'Alesme 2018,14.5,0.75,70.01,93.34666666666668,0.1553349521496929
0,Château d'Armailhac 2015,13.5,0.75,65.19,86.92,0.155315232397607
0,Gusbourne Rosé Brut 2018,12.0,0.75,57.99,77.32000000000001,0.1551991722710812
0,Moët & Chandon Impérial Champagne Brut lahjapakkaus,12.0,0.75,57.99,77.32000000000001,0.1551991722710812
0,Château Montifaud Petite Champagne XO,40.0,0.7,180.90,258.42857142857144,0.15478164731896074
0,Christian Drouin Les Millésimés 1992 Calvados 1992,42.0,0.7,190.00,271.42857142857144,0.15473684210526314
0,3 Fonteinen Oude Kriek,6.8,0.375,16.49,43.97333333333333,0.15463917525773196
0,Ruffino Greppone Mazzi Brunello di Montalcino 2018,14.0,0.75,67.99,90.65333333333332,0.15443447565818505
0,Loriot-Pagel Blanc de Blancs Grand Cru Champagne Brut 2017,12.5,0.75,60.73,80.97333333333333,0.15437180964926725
0,Boizel Réserve Champagne Brut,12.0,0.75,58.50,78.0,0.15384615384615385
0,Gratiot-Pillière Blanc de Blancs Champagne Brut 2018,12.0,0.75,58.50,78.0,0.15384615384615385
0,Louis M. Martini Monte Rosso Vineyard Zinfandel 2016,16.2,0.75,79.00,105.33333333333333,0.15379746835443037
0,Gonet Sulcova Grand Cru Millésime Champagne Brut 2014,12.0,0.75,58.55,78.06666666666666,0.1537147736976943
0,Joseph Mellot Sancerre Cuvée Pierre-Étienne 2017,13.5,0.75,65.90,87.86666666666667,0.15364188163884673
0,Château Moulin Riche 2016,13.0,0.75,63.50,84.66666666666667,0.15354330708661418
0,Smakbyns Päråla,20.5,0.5,66.81,133.62,0.15342014668462806
0,Laurent Lequart Blanc de Meunier Champagne Brut Nature,12.0,0.75,58.85,78.46666666666667,0.15293118096856415
0,Laurent Lequart Blanc de Blancs Champagne Brut,12.0,0.75,58.85,78.46666666666667,0.15293118096856415
0,Waris-Larmandier L'Instant de Passions Rosé Champagne Brut,12.0,0.75,58.96,78.61333333333333,0.15264586160108548
0,3 Fonteinen Golden Blend Oude Geuze,7.2,0.75,35.44,47.25333333333333,0.1523702031602709
0,Real De Asúa 2018,14.0,0.75,68.98,91.97333333333334,0.1522180342128153
0,William Fevre Chablis Premier Cru Montmains 2020,12.5,0.75,61.62,82.16,0.15214216163583252
0,Château Batailley 2018,14.5,0.75,71.52,95.36,0.15205536912751677
0,Huani Blanco Tequila,39.5,0.05,13.00,260.0,0.1519230769230769
0,Hine Antique XO Premier Cru,40.0,0.7,184.98,264.25714285714287,0.15136771542869498
0,Ernst Triebaumer Rust Beerenauslese 2015,12.5,0.375,30.99,82.64,0.15125847047434657
0,Taittinger Réserve Magnum Champagne Brut,12.5,1.5,124.00,82.66666666666667,0.15120967741935484
0,Lindemans Goyck,5.0,0.75,24.80,33.06666666666667,0.15120967741935482
0,K Cattle King Upland Vineyard Syrah 2018,14.5,0.75,72.00,96.0,0.15104166666666666
0,Waris-Larmandier Particules Crayeuses Champagne Extra-Brut,12.0,0.75,59.63,79.50666666666667,0.15093073956062383
0,Baron de Castelneau 50 Year Old Armagnac,43.1,0.7,199.92,285.6,0.15091036414565825
0,Leclerc Briant Rosé Champagne Extra Brut,12.0,0.75,59.79,79.72,0.15052684395383845
0,Hanssens Oude Kriek,5.3,0.375,13.22,35.25333333333334,0.15034039334341903
0,Gosset Grande Réserve Champagne Brut,12.0,0.75,59.90,79.86666666666666,0.15025041736227046
0,Laurent-Perrier La Cuvée Champagne Brut,12.0,0.75,59.90,79.86666666666666,0.15025041736227046
0,Boizel Rosé Champagne Brut,12.0,0.75,59.91,79.88,0.15022533800701052
0,Robert Mondavi Winery Napa Valley Cabernet Sauvignon 2019,15.0,0.75,74.90,99.86666666666667,0.15020026702269693
0,Christophe Semaska Lys d'Or Condrieu 2019,15.0,0.75,74.90,99.86666666666667,0.15020026702269693
0,Smål Boosted Aperitivo,15.0,0.2,19.98,99.89999999999999,0.15015015015015015
0,Penet Chardonnet Grand Cru Terroir Escence Champagne Extra Brut,12.0,0.75,59.94,79.92,0.15015015015015015
0,Etienne Calsac L'échappée Belle Blanc De Blancs Champagne Extra Brut,12.0,0.75,59.95,79.93333333333334,0.1501251042535446
0,Drappier Carte d'Or Champagne Brut Magnum,12.0,1.5,119.90,79.93333333333334,0.1501251042535446
0,Mikkeller Baghaven Reflections of Matter Wild Ale 2020,6.0,0.75,29.98,39.973333333333336,0.15010006671114076
0,Mailly Grand Cru Rosé Champagne Brut,12.0,0.375,29.98,79.94666666666667,0.15010006671114076
0,Carl Loewen Ritsch Riesling Auslese 2018,8.0,0.375,19.99,53.306666666666665,0.1500750375187594
0,La Borderie Trois Contrees Champagne Extra Brut,12.0,0.75,59.98,79.97333333333333,0.1500500166722241
0,Mailly Grand Cru Réserve Champagne Brut,12.0,0.375,29.99,79.97333333333333,0.1500500166722241
0,Domaine des Remizières Hermitage Cuvée Emilie 2018,14.0,0.75,69.98,93.30666666666667,0.15004286939125464
0,Banfi Poggio alle Mura Brunello di Montalcino 2018,15.0,0.75,74.98,99.97333333333334,0.15004001066951186
0,Drappier Millésime Exception Champagne Brut 2017,12.0,0.75,59.99,79.98666666666666,0.15002500416736123
0,Pierre Peters Grand Cru Champagne Extra Brut,12.0,0.75,59.99,79.98666666666666,0.15002500416736123
0,Ridgeview Blanc de Noirs Brut 2015,12.0,0.75,59.99,79.98666666666666,0.15002500416736123
0,Gusbourne Blanc de Blancs Brut 2016,12.0,0.75,59.99,79.98666666666666,0.15002500416736123
0,Huré Frères Insouciance Rosé Champagne Brut,12.0,0.75,59.99,79.98666666666666,0.15002500416736123
0,Tellier Vignes de Pierry Premier Cru Champagne Extra Brut 2016,12.0,0.75,59.99,79.98666666666666,0.15002500416736123
0,Au Bon Climat Sanford & Benedict Vineyard Pinot Noir 2020,14.0,0.75,69.99,93.32,0.15002143163309045
0,Leclerc Briant Réserve Champagne Brut Magnum,12.0,1.5,119.99,79.99333333333333,0.15001250104175348
0,Mailly Grand Cru Réserve Champagne Brut Magnum,12.0,1.5,119.99,79.99333333333333,0.15001250104175348
0,La Chouette de Champillon Champagne Brut Jeroboam,12.5,3.0,249.98,83.32666666666667,0.1500120009600768
0,Serge Mathieu Tradition Blanc de Noirs Champagne Brut,12.0,0.75,60.00,80.0,0.15
0,Felton Road Cornish Point Pinot Noir 2021,14.0,0.75,70.00,93.33333333333333,0.15
0,Josetta Saffirio Barolo 2018,13.5,0.75,67.63,90.17333333333333,0.1497116664202277
0,Château Phélan Ségur 2018,14.0,0.75,70.14,93.52,0.14970059880239522
0,Pascal Doquet Anthocyanes Premier Cru Rosé Champagne Extra-Brut,12.5,0.75,62.70,83.60000000000001,0.14952153110047844
0,Domaine Baud Génération 9 Côtes de Jura Vin Jaune 2015,14.0,0.62,58.08,93.6774193548387,0.1494490358126722
0,Poderi Colla Barolo Bussia Dardi Le Rose 2016,14.0,0.75,70.26,93.68,0.14944491887275832
0,K The Hidden Syrah 2018,14.5,0.75,73.00,97.33333333333333,0.14897260273972604
0,Leitz Berg Schlossberg Grosses Gewächs Riesling Trocken 2014,13.5,0.75,67.99,90.65333333333332,0.14891895867039273
0,Château Phélan Ségur 2017,13.0,0.75,65.49,87.32,0.14887769125057262
0,Ten Minutes by Tractor Wallis Chardonnay 2021,13.5,0.75,68.01,90.68,0.14887516541685045
0,André Clouet Dream Vintage Grand Cru Champagne Brut 2006,12.0,0.75,60.50,80.66666666666667,0.1487603305785124
0,Pérez Barquero La Cañada Pedro Ximénez,15.0,0.75,75.90,101.2,0.1482213438735178
0,Palmer & Co Extra Réserve Champagne Extra-Brut,12.0,0.75,61.00,81.33333333333333,0.14754098360655737
0,Glenfarclas 25 Year Old Single Malt,43.0,0.7,204.21,291.72857142857146,0.14739728710641006
0,Dehours Les Vignes de Mizy 2015,12.0,0.75,61.07,81.42666666666666,0.1473718683477976
0,Cotarella Ogrà Syrah 2016,15.5,0.75,79.00,105.33333333333333,0.14715189873417722
0,Bien Nacido Estate Syrah 2018,13.0,0.75,66.26,88.34666666666668,0.14714760036220945
0,La Bioca Moschiaccio Moscato D'Asti,5.0,0.75,25.51,34.013333333333335,0.14700117600940807
0,Bava Barolo Scarrone 2015,14.0,0.75,71.49,95.32,0.1468736886277801
0,Legras & Haas Grand Cru Blanc de Blanc Champagne Brut,12.5,0.375,31.93,85.14666666666666,0.14680551205762607
0,Tilquin Oude Mûre à l'Ancienne,6.0,0.375,15.33,40.88,0.14677103718199608
0,Moussé et Fils Les Vignes de Mon Village Blanc de Meuniers Champagne Brut Nature,12.0,0.75,61.39,81.85333333333334,0.14660368138133245
0,Pol Roger Champagne Brut Réserve,12.5,1.5,128.00,85.33333333333333,0.146484375
0,Les 3 Cellier Eternelle Châteauneuf du Pape 2016,15.0,0.75,76.90,102.53333333333335,0.14629388816644992
0,Beaulieu Vineyard Tapestry Reserve Red Wine Napa Valley 2018,15.0,0.75,76.90,102.53333333333335,0.14629388816644992
0,Mustan Virran St. Olaf Pale Ale 1.2%,1.2,0.33,2.71,8.212121212121211,0.14612546125461257
0,Kuura Ice 2018,11.0,0.375,28.23,75.28,0.1461211477151966
0,Copenhagen Sparkling Tea Grøn,5.0,0.75,25.70,34.266666666666666,0.14591439688715954
0,Glenmorangie Signet Single Malt,46.0,0.7,220.70,315.2857142857143,0.14589941096511103
0,Charles Heidsieck Réserve Champagne Brut,12.0,0.75,61.89,82.52,0.1454192922927775
0,Château d'Armailhac 2017,13.5,0.75,69.70,92.93333333333334,0.14526542324246772
0,Moët & Chandon Nectar Impérial Champagne Demi Sec,12.0,0.75,61.98,82.64,0.1452081316553727
0,Etude Grace Benoist Ranch Carneros Pinot Noir 2019,14.5,0.75,74.90,99.86666666666667,0.1451935914552737
0,Lenz Moser Prestige Trockenbeerenauslese 2018,8.5,0.375,21.99,58.63999999999999,0.14495225102319237
0,Mazzei Badiola Chianti Classico Gran Selezione 2019,13.5,0.75,69.90,93.2,0.1448497854077253
0,Felton Road Calvert Pinot Noir 2021,13.5,0.75,70.00,93.33333333333333,0.14464285714285716
0,Domaine du Vieux Télégraphe Châteauneuf-du-Pape Blanc 2020,13.5,0.75,70.04,93.38666666666667,0.14456025128498
0,Bertrand Machard de Gramont Nuits-saint-Georges Les Terrasses des Vallerots 2014,13.0,0.75,67.47,89.96,0.14450867052023122
0,Philipponnat Royale Réserve Champagne Brut,12.5,0.75,64.90,86.53333333333335,0.14445300462249613
0,Bründlmayer Ried Spiegel 1ÖTW Erste Lage Vincent Grüner Veltliner 2017,12.5,0.75,64.90,86.53333333333335,0.14445300462249613
0,Loriot-Pagel Cuvée de Reserve Champagne Brut 2013,12.5,0.75,64.90,86.53333333333335,0.14445300462249613
0,Jacquart Blanc de Blancs Champagne Brut 2009,12.5,0.75,64.90,86.53333333333335,0.14445300462249613
0,Nivole Moscato d'Asti 2022,5.0,0.375,12.98,34.61333333333334,0.14445300462249613
0,JM Sélèque Quintette Champagne Extra Brut,12.5,0.75,64.98,86.64,0.144275161588181
0,Lanson Green Label Bio-Organic Champagne Brut,12.5,0.75,64.99,86.65333333333332,0.14425296199415297
0,Lanson Le Rosé Champagne Brut,12.5,0.75,64.99,86.65333333333332,0.14425296199415297
0,E. Guigal Hermitage 2018,15.0,0.75,77.99,103.98666666666666,0.1442492627259905
0,Hugel Gewurztraminer Vendange Tardive 2015,11.5,0.375,29.90,79.73333333333333,0.14423076923076922
0,Tedeschi Recioto Capitel Fontana 2018,13.5,0.5,46.85,93.7,0.144076840981857
0,DuMOL Wester Reach Russian River Valley Chardonnay 2020,14.0,0.75,72.99,97.32,0.14385532264693796
0,Seifried Nelson Sweet Agnes Riesling 2016,10.5,0.375,27.41,73.09333333333333,0.1436519518423933
0,Huber Riesling Auslese 2015,6.5,0.375,16.98,45.28,0.1435512367491166
0,Gillardi Langhe Harys 2018,13.0,0.75,68.00,90.66666666666667,0.14338235294117646
0,Dr. Nägler Rüdesheimer Berg Roseneck Riesling Beerenauslese 2011,9.5,0.375,24.85,66.26666666666667,0.14336016096579476
0,Pio Cesare Barolo 2018,14.5,0.75,75.90,101.2,0.1432806324110672
0,Philipponnat Royale Réserve Non Dosé Champagne Brut,12.5,0.75,65.48,87.30666666666667,0.1431734880879658
0,Cotarella Montiano 2019,14.5,0.75,75.98,101.30666666666667,0.1431297709923664
0,Penfolds Bin 150 Marananga Shiraz 2020,14.5,0.75,75.98,101.30666666666667,0.1431297709923664
0,Felton Road MacMuir Pinot Noir 2021,14.5,0.75,75.99,101.32,0.14311093564942756
0,Nicolas Feuillatte Grand Cru Blanc de Noirs Champagne Brut 2014,12.0,0.75,62.99,83.98666666666666,0.14287982219399906
0,Joseph Perrier Cuvée Royale Vintage Champagne Brut 2013,12.0,0.75,62.99,83.98666666666666,0.14287982219399906
0,Nicolas Feuillatte Grand Cru Blanc de Blancs Champagne Brut 2012,12.0,0.75,62.99,83.98666666666666,0.14287982219399906
0,Taittinger Réserve Champagne Brut,12.5,6.0,525.00,87.5,0.14285714285714285
0,Petit & Bajan Ambrosie Grand Cru Champagne Extra Brut,12.0,0.75,63.11,84.14666666666666,0.14260814450958645
0,Clos Pissarra La Vinyeta Vinea Antiqua 2014,14.0,0.75,73.73,98.30666666666667,0.14241150142411502
0,Braida Bricco del'Uccellone 2019,15.0,0.75,79.00,105.33333333333333,0.14240506329113925
0,Deutz Rosé Champagne Brut,12.0,0.375,31.64,84.37333333333333,0.14222503160556257
0,Cles des Ducs Armagnac Vintage 1972,40.0,0.7,197.20,281.7142857142857,0.14198782961460446
0,Charlier & Fils Spécial Club Champagne Brut 2015,12.0,0.75,63.39,84.52,0.14197823000473261
0,Moët & Chandon Impérial Magnum Champagne Brut,12.0,1.5,126.98,84.65333333333334,0.1417546070247283
0,Moric Still a Serious Wine,13.5,0.75,71.44,95.25333333333333,0.1417273236282195
0,Dumangin Premium Rosé de Saignée Champagne Extra Brut 2010,12.0,0.75,63.54,84.72,0.141643059490085
0,Pierre Paillard Les Parcelles Bouzy Grand Cru Champagne Extra Brut,12.5,0.375,33.16,88.42666666666666,0.14136007237635706
0,Guerrieri Rizzardi Calcarole Amarone della Valpolicella Classico 2011,16.0,0.75,84.89,113.18666666666667,0.14135940629049357
0,Churchill's Vintage Port 1997,20.5,0.75,109.01,145.34666666666666,0.14104210622878635
0,Piper-Heidsieck Essentiel Blanc de Blancs Champagne Extra Brut,12.0,0.75,63.95,85.26666666666667,0.14073494917904614
0,Plener Pinot Noir 2018,13.0,0.75,69.29,92.38666666666667,0.14071294559099437
0,Château d'Armailhac 2016,13.5,0.75,71.97,95.96,0.14068361817423927
0,Perrier-Jouët Champagne Brut,12.0,0.75,63.98,85.30666666666666,0.14066895904970306
0,Sol de Señorans Albariño Barrica 2012,12.5,0.75,66.66,88.88,0.14063906390639064
0,Robert Barbichon Réserve 4 Cépages Champagne Brut,12.0,0.75,64.15,85.53333333333335,0.1402961808261886
0,Robert Barbichon Blanc de Noirs Champagne Extra Brut,12.0,0.75,64.15,85.53333333333335,0.1402961808261886
0,LAN Culmen 2017,14.0,0.75,74.90,99.86666666666667,0.14018691588785046
0,Château Maison Blanche 2000,13.0,0.75,69.61,92.81333333333333,0.14006608245941676
0,Hennessy XO,40.0,0.7,199.98,285.6857142857143,0.14001400140014
0,Martell XO,40.0,0.7,199.99,285.70000000000005,0.14000700035001748
0,Rémy Martin XO lahjapakkaus,40.0,0.7,199.99,285.70000000000005,0.14000700035001748
0,Camille Giroud Savigny-les-Beaune Aux Clous Premier Cru 2020,14.0,0.75,75.00,100.0,0.14
0,Delas Clos Boucher Condrieu 2018,14.0,0.75,75.04,100.05333333333334,0.13992537313432835
0,Friedrich Becker Sankt Paul Pinot Noir 2017,13.5,0.75,72.49,96.65333333333332,0.13967443785349706
0,Bründlmayer Ried Heiligenstein Lyra 1ÖTW Erste Lage Riesling 2014,13.0,0.75,69.90,93.2,0.13948497854077252
0,Castell D'Encus Taika Brut Nature 2016,12.0,0.75,64.58,86.10666666666667,0.13936203158872715
0,Robert Weil Kiedricher Gräfenberg Riesling Trocken GG 2020,13.0,0.75,69.98,93.30666666666667,0.1393255215775936
0,Marguet Blanc De Blancs Premier Cru Yuman Champagne Brut Nature 2019,13.0,0.75,69.98,93.30666666666667,0.1393255215775936
0,Montevertine Rosso 2018,13.0,0.75,69.98,93.30666666666667,0.1393255215775936
0,Pommery POP It's A Boy Champagne Extra Dry,12.5,0.2,17.99,89.94999999999999,0.13896609227348528
0,Pommery POP It's A Girl Rosé Champagne Extra Dry,12.5,0.2,17.99,89.94999999999999,0.13896609227348528
0,Routa Premium 1988,55.0,0.5,198.03,396.06,0.13886784830581225
0,Ployez-Jacquemart Passion Champagne Extra Brut Magnum,12.0,1.5,129.79,86.52666666666666,0.1386855689960706
0,Ployez-Jacquemart Passion Champagne Extra Brut,12.0,0.75,64.90,86.53333333333335,0.1386748844375963
0,Charles de Cazanove Millésime Champagne Brut 2016,12.0,0.75,64.90,86.53333333333335,0.1386748844375963
0,Tellier Vignes de Pierry Premier Cru Champagne Extra Brut 2017,12.0,0.75,64.90,86.53333333333335,0.1386748844375963
0,Laurent-Perrier Magnum Champagne Brut,12.0,1.5,129.95,86.63333333333333,0.13851481338976532
0,Henriot Blanc de Blancs Champagne Brut,12.0,0.75,64.98,86.64,0.13850415512465375
0,Henriot Rosé Champagne Brut,12.0,0.75,64.98,86.64,0.13850415512465375
0,Nyetimber Rosé Brut,12.0,0.75,64.98,86.64,0.13850415512465375
0,G.H. Martel Millesime Champagne Brut 2012,12.0,0.75,64.99,86.65333333333332,0.13848284351438686
0,Deutz Classic Champagne Brut Magnum,12.0,1.5,130.00,86.66666666666667,0.13846153846153844
0,Boizel Premier Cru La Montagne Blanc de Noirs Champagne Brut,12.0,0.75,65.00,86.66666666666667,0.13846153846153844
0,Mikkeller Spontancherry Frederiksdal 2021,7.2,0.375,19.53,52.080000000000005,0.13824884792626727
0,Gonet Sulcova Rose Champagne Brut,12.0,0.375,32.56,86.82666666666667,0.1382063882063882
0,Monti Barolo Bricco San Pietro 2016,14.5,0.75,78.78,105.04,0.13804265041888802
0,Mumm Le Millésimé Champagne Brut 2013,12.5,0.75,67.99,90.65333333333332,0.13788792469480807
0,G.D Vajra Barolo Bricco Delle Viole 2019,14.5,0.75,78.99,105.32,0.13767565514622104
0,Diplomático Ambassador,47.0,0.7,239.00,341.42857142857144,0.13765690376569037
0,Joseph Drouhin Chassagne-Montrachet 2020,13.5,0.75,73.60,98.13333333333333,0.1375679347826087
0,Lakeview Cellars Cabernet Franc Icewine 2017,11.0,0.375,29.99,79.97333333333333,0.13754584861620542
0,El Ixsir Red 2016,14.0,0.75,76.34,101.78666666666668,0.13754257270107412
0,Mauro Molino Barolo La Serra 2019,14.0,0.75,76.40,101.86666666666667,0.13743455497382198
0,Palmer & Co Rosé Solera Champagne Brut Magnum,12.0,1.5,131.00,87.33333333333333,0.13740458015267176
0,Open Water Brewery Köldknäpp,12.0,0.375,32.77,87.38666666666667,0.137320720170888
0,Moët & Chandon Impérial Champagne Brut,12.0,0.375,32.80,87.46666666666665,0.13719512195121952
0,Nikka Discovery Yoichi Aromatic Yeast Single Malt,48.0,0.7,244.98,349.9714285714286,0.13715405339211365
0,Franck Pascal Harmonie Blanc de Noirs Champagne Extra Brut 2012,12.0,0.75,65.66,87.54666666666667,0.1370697532744441
0,M. Chapoutier Côte-Rôtie Les Bécasses 2020,13.5,0.75,74.00,98.66666666666667,0.13682432432432431
0,Spirit of Sahti Single Cask Whisky,40.0,0.5,146.38,292.76,0.13663068725235689
0,Quinta Vale D. Maria Vinha Da Francisca 2020,14.5,0.75,79.62,106.16000000000001,0.136586284853052
0,Schmitges Treppchen Riesling Auslese 2020,8.0,0.375,21.98,58.61333333333334,0.1364877161055505
0,Palmer & Co Rosé Solera Champagne Brut,12.0,0.375,32.99,87.97333333333334,0.13640497120339495
0,de Venoge Cordon Bleu Rosé Champagne Brut,12.0,0.75,65.99,87.98666666666666,0.1363843006516139
0,Jeeper Grande Réserve Blanc de Blancs Champagne Brut,12.0,0.75,65.99,87.98666666666666,0.1363843006516139
0,Mailly Coteaux Champenois Pinot Noir,12.0,0.75,65.99,87.98666666666666,0.1363843006516139
0,Ruffino Romitorio di Santedame Chianti Classico Gran Selezione 2016,14.0,0.75,76.99,102.65333333333332,0.13638134822704248
0,Macan 2018,14.0,0.75,76.99,102.65333333333332,0.13638134822704248
0,André Clouet Grande Reserve Champagne Brut Jeroboam,12.0,3.0,263.99,87.99666666666667,0.13636880184855488
0,Porto Gran Cruz Aged 40 Years,20.0,0.75,110.00,146.66666666666666,0.13636363636363638
0,Pierre Mignon Grande Réserve Champagne Brut,12.0,0.75,66.02,88.02666666666666,0.13632232656770676
0,Penfolds Bin 389 Cabernet Shiraz 2019,14.5,0.75,79.90,106.53333333333335,0.13610763454317895
0,Penfolds Bin 407 Cabernet Sauvignon 2019,14.5,0.75,79.90,106.53333333333335,0.13610763454317895
0,Nederburg Private Bin R121 Shiraz 2009,14.5,0.75,79.90,106.53333333333335,0.13610763454317895
0,De Sousa Grand Cru Blanc de Blancs Champagne Brut,12.5,0.75,68.89,91.85333333333334,0.1360865147336333
0,Hélène Beaugrand Le Grand Carré Blanc de Blancs Champagne Extra Brut,12.5,0.75,68.94,91.92,0.13598781549173194
0,Allegrini La Poja 2015,14.5,0.75,79.98,106.64,0.1359714928732183
0,Pira Barolo Vignarionda 2018,14.5,0.75,79.98,106.64,0.1359714928732183
0,Penfolds Bin 389 Cabernet Shiraz 2020,14.5,0.75,79.98,106.64,0.1359714928732183
0,Trimbach Riesling Frédéric Emile 2016,13.5,0.75,74.49,99.32,0.13592428513894483
0,Jermann Vintage Tunina 2019,13.0,0.75,71.90,95.86666666666667,0.1356050069541029
0,Moët & Chandon Ice Imperial Champagne Demi-Sec,12.0,0.75,66.50,88.66666666666667,0.13533834586466165
0,Arnaud Margaine Le Caractère M de Margaine Premier Cru Champagne Extra Brut,12.5,0.75,69.29,92.38666666666667,0.13530090922210997
0,Pierre Paillard Grand Cru Rosé Champagne Extra-Brut,12.5,0.75,69.29,92.38666666666667,0.13530090922210997
0,Paul Blanck Gewurztraminer Furstentum Sélection de Grains Nobles Grand Cru 1999,15.0,0.75,83.21,110.94666666666666,0.1352000961422906
0,Moric Raga Raiding 2011,14.0,0.75,77.70,103.60000000000001,0.13513513513513511
0,Bass Phillip Crown Prince Pinot Noir 2018,13.5,0.75,74.99,99.98666666666666,0.13501800240032005
0,Gosset Grand Rosé Champagne Brut,12.0,0.75,66.80,89.06666666666666,0.1347305389221557
0,Ainoa Valokki 2022,10.0,0.35,25.98,74.22857142857143,0.13471901462663588
0,Laherte Freres Blanc de Blancs Champagne Brut Nature,12.5,0.75,69.79,93.05333333333334,0.13433156612695227
0,Laherte Freres Rose De Meunier Champagne Extra Brut,12.5,0.75,69.79,93.05333333333334,0.13433156612695227
0,Nikka Discovery Miyagikyo Aromatic Yeast Single Malt,47.0,0.7,244.99,349.9857142857143,0.1342911955590024
0,Pierre Gimonnet Fleuron 1er Cru Blanc de Blancs Champagne Brut 2017,12.5,0.75,69.96,93.27999999999999,0.13400514579759865
0,Kühling-Gillot Nierstein Hipping Grosses Gewächs Riesling 2020,12.5,0.75,69.98,93.30666666666667,0.13396684767076306
0,Pommery Royal Rosé Champagne Brut,12.5,0.75,69.98,93.30666666666667,0.13396684767076306
0,Shafer TD-9 2018,15.0,0.75,83.98,111.97333333333334,0.13396046677780424
0,Louis Roederer Collection 244 Champagne Brut,12.5,0.75,69.99,93.32,0.13394770681525933
0,Ten Minutes by Tractor Wallis Pinot Noir 2021,12.5,0.75,69.99,93.32,0.13394770681525933
0,Royal Tokaji Blue Label 5 Puttonyos 2016,11.5,0.5,42.98,85.96,0.1337831549557934
0,Moët & Chandon Rosé Impérial Champagne Brut lahjapakkaus,12.0,0.75,67.49,89.98666666666666,0.13335308934656986
0,Piper-Heidsieck Vintage Champagne Brut 2014,12.0,0.75,67.49,89.98666666666666,0.13335308934656986
0,Leclerc Briant Rosé Champagne Extra Brut Magnum,12.0,1.5,134.98,89.98666666666666,0.13335308934656986
0,Ökonomierat Kastanienbusch Riesling GG 2018,13.5,0.75,75.99,101.32,0.13324121594946706
0,Veuve Clicquot Champagne Brut lahjapakkaus,12.0,0.75,67.55,90.06666666666666,0.13323464100666174
0,Moussé et Fils Terres d'Illite Blanc de Noirs Champagne Extra Brut 2018,12.0,0.75,67.59,90.12,0.13315579227696403
0,Alessandro Rivetto Barolo Vigna Rionda 2014,14.0,0.75,78.89,105.18666666666667,0.13309671694764863
0,Pierre Mignon Prestige Champagne Brut,12.0,0.75,67.63,90.17333333333333,0.1330770368179802
0,Don Julio 1942 Añejo Tequila,38.0,0.7,199.98,285.6857142857143,0.133013301330133
0,Veuve Clicquot Champagne Demi-Sec,12.0,0.75,67.79,90.38666666666667,0.13276294438707772
0,Christophe Semaska Château de Montlys Côte Rôtie 2019,15.0,0.75,84.82,113.09333333333332,0.13263381278000475
0,Maison Roche Chassagne-Montrachet Vieilles Vignes  2016,13.0,0.75,73.54,98.05333333333334,0.1325809083491977
0,Barons de Rothschild Champagne Concordia Brut,12.0,0.75,67.90,90.53333333333335,0.13254786450662737
0,Stag's Leap Artemis Cabernet Sauvignon 2018,15.0,0.75,84.89,113.18666666666667,0.13252444339733774
0,Moric Serious Wine from a Gorgeous Place 2016,13.5,0.75,76.56,102.08,0.13224921630094044
0,Valduero 6 Años Reserva Premium 2014,14.0,0.75,79.62,106.16000000000001,0.13187641296156744
0,Joseph Drouhin Puligny-Montrachet 2020,13.5,0.75,76.90,102.53333333333335,0.13166449934980493
0,Alion 2019,15.0,0.75,85.49,113.98666666666666,0.13159433851912505
0,Trimbach Riesling Grand Cru Geisberg 2018,14.5,0.75,82.69,110.25333333333333,0.13151529810134235
0,Batasiolo Barolo Cerequio 2013,14.0,0.75,79.85,106.46666666666665,0.13149655604257984
0,Clos des Papes Chateauneuf du Pape Blanc 2020,14.0,0.75,79.90,106.53333333333335,0.13141426783479349
0,Meukow Palme d'Or Rarissime Cognac,41.3,0.7,220.00,314.2857142857143,0.1314090909090909
0,E. Guigal Côte-Rôtie Brune et Blonde de Guigal 2019,14.0,0.75,79.98,106.64,0.1312828207051763
0,Casisano Colombaiolo Brunello di Montalcino Riserva 2016,14.0,0.75,79.98,106.64,0.1312828207051763
0,Tempore Vino de Parcela Viña Alta Garnacha 2018,15.0,0.75,85.84,114.45333333333333,0.13105778191985087
0,Mendel Finca Remota Malbec 2020,14.5,0.75,83.00,110.66666666666667,0.13102409638554216
0,Huré Frères Inattendue Blanc de Blancs Champagne Extra Brut 2017,12.0,0.75,68.90,91.86666666666667,0.1306240928882438
0,Leclerc Briant Reserve Champagne Brut,12.0,0.375,34.49,91.97333333333334,0.13047260075384168
0,Gosset Grand Blanc de Blancs Champagne Brut,12.0,0.75,69.00,92.0,0.13043478260869565
0,Havana Club Añejo 15 Años Gran Reserva,40.0,0.7,214.99,307.12857142857143,0.13023861574956974
0,Larmandier-Bernier Longitude Blanc de Blancs Premier Cru Champagne Extra-Brut,12.5,0.75,71.99,95.98666666666666,0.1302264203361578
0,Antinori Cervaro della Sala 2015,12.5,0.75,72.00,96.0,0.13020833333333334
0,Florent Descombe Meursault Vieilles Vignes Rouge 2018,13.0,0.75,74.95,99.93333333333334,0.13008672448298866
0,Lepola Vega Ice Cider,10.0,0.35,26.93,76.94285714285715,0.12996658002227998
0,Château Batailley 2016,13.0,0.75,75.02,100.02666666666666,0.12996534257531325
0,Pannier Velours Rosé Champagne Sec,12.0,0.75,69.29,92.38666666666667,0.12988887285322556
0,Delouvin Nowack Fauve Champagne Brut Nature 2014,12.0,0.75,69.29,92.38666666666667,0.12988887285322556
0,Conterno Fantino Barolo Sori Ginestra 2014,14.0,0.75,80.84,107.78666666666668,0.12988619495299356
0,Quinta Vale D. Maria Vinha da Francisca 2018,14.5,1.5,167.68,111.78666666666668,0.12971135496183206
0,Fattoria Le Pupille Piemme 2015,15.5,0.75,89.77,119.69333333333333,0.12949760499053137
0,Alvaro Palacios Finca Dofi 2020,14.5,0.75,83.99,111.98666666666666,0.12947969996428146
0,Pierre Mignon Cuvée Pure Champagne Zero Dosage,12.0,0.75,69.55,92.73333333333333,0.12940330697340044
0,Moët & Chandon Ice Impérial Rosé Champagne Demi-Sec,12.0,0.75,69.66,92.88,0.12919896640826875
0,Petit & Bajan Nuit Blanche Grand Cru Champagne Extra Brut,12.0,0.75,69.68,92.90666666666668,0.12916188289322617
0,Pascal Doquet Diapason Grand Cru Le Mesnil Sur Oger Champagne Extra Brut,12.5,0.75,72.59,96.78666666666668,0.1291500206640033
0,Bruno Paillard Première Cuvée Champagne Extra Brut,12.0,0.75,69.69,92.92,0.12914334911752046
0,Veuve Clicquot Magnum Champagne Brut,12.0,1.5,139.39,92.92666666666666,0.12913408422411937
0,Domaine Giraud Les Grenaches de Pierre Châteauneuf-du-Pape 2019,17.0,0.75,98.83,131.77333333333334,0.12900941009814834
0,Clos des Papes Chateauneuf du Pape Blanc Magnum 2020,14.0,1.5,162.90,108.60000000000001,0.12891344383057088
0,Reyneke Reserve Cabernet Sauvignon 2017,14.0,0.75,81.50,108.66666666666667,0.12883435582822086
0,Veuve Clicquot Rosé Champagne Brut,12.5,0.75,72.80,97.06666666666666,0.12877747252747254
0,Château de Bligny 6 Cépages Champagne Brut Nature,12.0,0.75,69.90,93.2,0.12875536480686695
0,Vollereaux Cuvée Marguerite Millésime Champagne Brut 2011,12.0,0.75,69.96,93.27999999999999,0.1286449399656947
0,Ridgeview Blanc de Blancs Brut 2016,12.0,0.75,69.98,93.30666666666667,0.12860817376393255
0,Leclerc Briant Millésime Champagne Extra Brut 2016,12.0,0.75,69.98,93.30666666666667,0.12860817376393255
0,Tellier Cramant Grand Cru Blanc de Blancs Champagne Extra Brut 2016,12.0,0.75,69.98,93.30666666666667,0.12860817376393255
0,Château de Bligny Blanc de Blancs Millésime Champagne Brut 2009,12.0,0.75,69.98,93.30666666666667,0.12860817376393255
0,G.H. Martel 150 Ans Vintage Champagne Brut 2009,12.0,0.75,69.98,93.30666666666667,0.12860817376393255
0,La Borderie Douce Folie Rosé Champagne Extra Brut 2017,12.0,0.75,69.99,93.32,0.12858979854264896
0,Palmer & Co Blanc de Noirs Champagne Brut,12.0,0.75,70.00,93.33333333333333,0.1285714285714286
0,Palmer & Co Blanc de Blancs Champagne Brut,12.0,0.75,70.00,93.33333333333333,0.1285714285714286
0,Balbiano Freisa di Chieri Vigna della Regina 2014,13.0,0.75,75.87,101.16000000000001,0.1285092922103598
0,Tribaut Schloesser Cuvée René Champagne Extra Brut Magnum,12.5,1.5,146.00,97.33333333333333,0.1284246575342466
0,Batasiolo Barolo Briccolina 2011,15.0,0.75,87.70,116.93333333333334,0.12827822120866592
0,Jean-Luc & Eric Burguet Gevrey-Chambertin Symphonie 2019,14.5,0.75,84.99,113.32,0.1279562301447229
0,Bottega Il Vino Prêt-A-Porter Brunello di Montalcino Riserva 2017,15.0,0.75,87.99,117.32,0.12785543811796796
0,Royal Lochnagar 16 Year Old Special Release Single Malt,57.5,0.7,314.98,449.97142857142865,0.12778589116769318
0,Johnnie Walker Blue Label,40.0,0.7,219.99,314.2714285714286,0.12727851265966633
0,Clos Mogador Gratallops 2020,15.0,0.75,88.40,117.86666666666667,0.12726244343891402
0,Clos Mogador Gratallops 2019,15.0,0.75,88.40,117.86666666666667,0.12726244343891402
0,Van Zellers & Co 30 Years Old Tawny Port & Co,20.0,0.75,118.48,157.97333333333333,0.12660364618501013
0,Au Bon Climat Sanford & Benedict Vineyard Chardonnay 2018,13.5,0.75,79.99,106.65333333333332,0.1265783222902863
0,Bass Phillip Bin 17K Pinot Noir 2017,13.5,0.75,79.99,106.65333333333332,0.1265783222902863
0,Yoigokochi Yuzu,8.0,0.72,45.51,63.208333333333336,0.12656558998022413
0,Clos des Papes Chateaneuf du Pape Blanc 2022,15.0,0.75,88.95,118.60000000000001,0.12647554806070826
0,Château de Nalys Châteauneuf-du-Pape Rouge 2016,14.5,0.75,85.99,114.65333333333332,0.12646819397604375
0,Orin Swift Papillon 2019,16.0,0.75,95.00,126.66666666666667,0.12631578947368421
0,Macán Magnum 2018,14.0,1.5,166.60,111.06666666666666,0.12605042016806722
0,Pommery Royal Champagne Brut Magnum,12.5,1.5,148.80,99.2,0.12600806451612903
0,Mailly Grand Cru Blanc de Pinot Noir Champagne Brut,12.0,0.75,71.49,95.32,0.1258917331095258
0,Rene Collet Anthime Heritage Champagne Extra Brut,12.5,0.75,74.57,99.42666666666666,0.12572079924902776
0,Zenato Amarone Classico della Valpolicella Riserva 2017,16.5,0.75,98.49,131.32,0.1256472738349071
0,Domaine Faiveley Gevrey-Chambertin Vieilles Vignes 2020,13.0,0.75,77.87,103.82666666666667,0.12520868113522537
0,Domaine du Vieux Télégraphe Châteauneuf-du-Pape 2020,15.0,0.75,90.00,120.0,0.125
0,Veuve Clicquot Rich Champagne Doux,12.0,0.75,72.49,96.65333333333332,0.12415505586977515
0,Duménil Special Club Premier Cru Champagne Brut 2018,12.0,0.75,72.70,96.93333333333334,0.12379642365887207
0,Pagos De Viña Real 2015,14.0,0.75,84.98,113.30666666666667,0.12355848434925865
0,Hewitson Monopole Mother Vine Shiraz 2018,14.0,0.75,84.99,113.32,0.12354394634662902
0,Pol Roger Vintage Champagne Brut 2016,12.5,0.75,75.90,101.2,0.12351778656126482
0,Taittinger Prestige Rosé Champagne Brut,12.5,0.75,75.99,101.32,0.12337149624950652
0,Moët & Chandon Impérial Mini Champagne Brut,12.0,0.2,19.49,97.44999999999999,0.12314007183170858
0,Le Carré 2014,13.5,0.75,82.26,109.68,0.12308533916849014
0,Pierre Mignon Grand Cru Blanc de Blancs Champagne Brut,12.0,0.75,73.41,97.88,0.12259910093992644
0,Mailly Grand Cru Millesimé Champagne Extra Brut 2016,12.0,0.75,73.49,97.98666666666666,0.12246564158388897
0,Francois Mikulski Monthelie Toisieres 2020,13.0,0.75,79.62,106.16000000000001,0.12245666917859833
0,Gorghi Tondi Grillodoro Passito 2016,13.5,0.5,55.20,110.4,0.12228260869565216
0,Domaine Des Tourettes Hermitage 2020,14.5,0.75,88.98,118.64,0.12221847606203641
0,Moric Kirchberg 2020,13.0,0.75,79.90,106.53333333333335,0.12202753441802251
0,Moric Schwemmer Lutzmannsburg 2020,13.0,0.75,79.90,106.53333333333335,0.12202753441802251
0,Loimer Zöbing Heiligenstein Riesling Erste Lage 2013,13.5,0.75,82.98,110.64,0.1220173535791757
0,Conterno Fantino Barolo Vigna del Gris 2018,14.0,0.75,86.25,115.0,0.12173913043478261
0,Veuve Clicquot Champagne Brut,12.0,0.375,36.98,98.61333333333333,0.12168739859383451
0,Philipponnat Royale Réserve Rosé Champagne Brut,12.0,0.375,36.99,98.64,0.12165450121654502
0,Bollinger Special Cuvée Champagne Brut,12.0,0.75,73.99,98.65333333333332,0.12163805919718883
0,Errazuriz Don Maximiano Founder's Reserve 2015,14.0,0.75,86.48,115.30666666666667,0.12141535615171137
0,Petit & Bajan Obsidienne Blanc de Noirs Grand Cru Champagne Brut,12.0,0.75,74.16,98.88,0.12135922330097088
0,Kamnik Terroir Vranec Grand Reserva 2015,16.0,0.75,99.00,132.0,0.12121212121212122
0,Arnaldo Rivera Barolo Vignarionda 2018,14.5,0.75,89.95,119.93333333333334,0.12090050027793219
0,E. Pira e Figli Chiara Boschis Barolo Mosconi 2018,14.5,0.75,89.95,119.93333333333334,0.12090050027793219
0,Penfolds Bin 407 Cabernet Sauvignon 2020,14.5,0.75,89.98,119.97333333333334,0.12086019115358967
0,Oddero Barolo Villero 2017,14.5,0.75,89.99,119.98666666666666,0.12084676075119458
0,Castellare di Castellina I Sodi di S. Niccolò 2019,14.0,0.75,87.12,116.16000000000001,0.12052341597796142
0,Ferrer Bobet Selecció Especial Vinyes Velles 2018,14.5,0.75,90.26,120.34666666666668,0.12048526479060491
0,Drappier Carte d'Or Champagne Brut Jeroboam,12.0,3.0,298.98,99.66000000000001,0.12040939193257073
0,Schäfer-Fröhlich Felseneck Riesling GG 2020,12.5,0.75,77.90,103.86666666666667,0.12034659820282413
0,Rémy Martin XO,40.0,1.5,499.00,332.6666666666667,0.12024048096192384
0,J-M Sélèque Soliste Meunier Champagne Extra Brut 2016,12.5,0.75,77.99,103.98666666666666,0.12020771893832542
0,J-M Sélèque Soliste Pinot Noir Champagne Extra Brut 2016,12.5,0.75,77.99,103.98666666666666,0.12020771893832542
0,Drappier Blanc de Blancs Grand Cru Champagne Brut 2016,12.0,0.75,74.98,99.97333333333334,0.12003200853560948
0,Etienne Calsac Cuvée Rosé De Craie Champagne Extra Brut,12.0,0.75,75.00,100.0,0.12
0,Etienne Calsac Les Rocheforts Premier Cru Blanc De Blancs Champagne Extra Brut,12.0,0.75,75.00,100.0,0.12
0,Nederburg Private Bin Eminence Noble Late Harvest Muscadel 2009,10.5,0.375,32.90,87.73333333333333,0.11968085106382978
0,Philippe et Arnaud Dubreuil Aloxe-Corton 1er Cru Les Paulands 2021,13.5,0.75,84.76,113.01333333333334,0.11945493157149599
0,Manoel Pedro Guedes Reserva 2018,13.5,0.75,84.98,113.30666666666667,0.11914568133678512
0,Catena Zapata Malbec Argentino 2020,13.5,0.75,84.98,113.30666666666667,0.11914568133678512
0,Te Mata Estate Coleraine 2018,13.5,0.75,84.99,113.32,0.11913166254853513
0,Corvers Kauter Höllenberg Pinot Noir 2016,13.5,0.75,84.99,113.32,0.11913166254853513
0,Tokaj-Oremus Furmint Petracs Single Vineyard 2019,13.5,0.75,85.00,113.33333333333333,0.11911764705882354
0,DuMOL Wester Reach Russian River Valley Pinot Noir 2020,14.0,0.75,88.29,117.72000000000001,0.11892626571525652
0,Lanson Le Blanc de Blancs Champagne Brut,12.5,0.75,78.90,105.2,0.1188212927756654
0,Taittinger Les Folies de la Marquetterie Champagne Brut,12.5,0.75,78.99,105.32,0.11868590960881124
0,Charles Heidsieck Rosé Réserve Champagne Brut,12.0,0.75,75.89,101.18666666666667,0.1185926999604691
0,Ployez-Jacquemart Champagne Dosage Zero 2013,12.0,0.75,75.95,101.26666666666667,0.1184990125082291
0,André Jacquart Mesnil Expérience Grand Cru Blanc de Blanc Champagne Extra Brut,12.5,0.75,79.13,105.50666666666666,0.11847592569189941
0,Nyetimber Blanc de Blancs Brut 2014,12.0,0.75,75.98,101.30666666666667,0.11845222426954462
0,Dal Forno Romano Valpolicella Superiore 2015,15.0,0.75,94.98,126.64,0.1184459886291851
0,Billecart-Salmon Sous Bois Champagne Brut,12.0,0.75,76.00,101.33333333333333,0.11842105263157895
0,3 Fonteinen Schaarbeekse Kriek,6.3,0.75,39.98,53.306666666666665,0.11818409204602301
0,Clos des Papes Chateaneuf du Pape Blanc 2021,14.0,0.75,88.95,118.60000000000001,0.11804384485666104
0,Plener Eggstra 2019,14.0,0.75,88.98,118.64,0.11800404585300067
0,Col di Lamo Brunello di Montalcino Riserva 2015,14.0,0.75,89.00,118.66666666666667,0.11797752808988764
0,Marguet Grand Cru Shaman Champagne Brut Nature 2019,12.5,0.75,79.50,106.0,0.1179245283018868
0,Villa Huesgen Riesling Auslese 2020,8.5,0.5,36.05,72.1,0.11789181692094314
0,Giuseppe Quintarelli Valpolicella Classico Superiore 2015,15.0,0.75,95.53,127.37333333333333,0.11776405317701245
0,Rene Collet Anthime Extreme Champagne Brut Nature 2014,12.5,0.75,79.62,106.16000000000001,0.11774679728711378
0,Rene Collet Anthime Sensation Champagne Rose Extra Brut 2015,12.5,0.75,79.62,106.16000000000001,0.11774679728711378
0,Pol Roger Rosé Champagne Brut 2018,12.5,0.75,79.90,106.53333333333335,0.11733416770963703
0,Taittinger Prélude Grands Crus Champagne Brut,12.5,0.75,79.99,106.65333333333332,0.11720215026878361
0,Abadía Retuerta Pago Valdebellón Cabernet Sauvignon 2015,14.5,0.75,92.99,123.98666666666666,0.11694805893106786
0,Palmer & Co Blanc de Blancs Magnum Champagne Brut,12.0,1.5,154.00,102.66666666666667,0.11688311688311688
0,Palmer & Co Blanc de Noirs  Champagne Brut Magnum,12.0,1.5,154.00,102.66666666666667,0.11688311688311688
0,Delas Seigneur de Maugiron Côte-Rôtie 2019,14.0,0.75,89.84,119.78666666666668,0.11687444345503116
0,Gini Scajari Monte Serea Amarone della Valpolicella 2015,15.5,0.75,99.50,132.66666666666666,0.11683417085427136
0,Monnet XXO,40.0,0.7,239.95,342.7857142857143,0.11669097728693478
0,Vale D. Maria Vinha de Martim 2018,12.5,0.75,80.51,107.34666666666668,0.11644516209166562
0,Nominé-Renard Special Club Champagne Brut 2014,12.0,0.75,77.40,103.2,0.11627906976744186
0,L'Esprit de Maucoil Chateauneuf-du-Pape 2019,15.5,0.75,99.99,133.32,0.11626162616261627
0,Foradori Granato 2018,13.0,0.75,83.99,111.98666666666666,0.11608524824383855
0,Barrat-Masson Les Margannes Champagne Brut Nature 2017,12.5,0.75,80.89,107.85333333333334,0.11589813326740017
0,De Sousa Cuvée 3A Grand Cru Champagne Extra Brut,12.5,0.75,80.90,107.86666666666667,0.11588380716934486
0,A.D Coutelas Cuvée 1809 Champagne Extra Brut,12.0,0.75,77.72,103.62666666666667,0.11580030880082347
0,Le Carré 2015,14.5,0.75,93.92,125.22666666666667,0.11579003407155025
0,Henri Bourgeois Vendange de la Saint-Charles 2014,13.0,0.5,56.15,112.3,0.1157613535173642
0,Ruinart Champagne Brut,12.0,0.75,77.88,103.83999999999999,0.11556240369799693
0,Gonet Sulcova Cuvee Gaia Champagne Brut,12.0,0.75,78.25,104.33333333333333,0.11501597444089458
0,Espectacle del Monsant 2017,15.5,0.75,101.12,134.82666666666668,0.11496242088607593
0,Matthiasson Napa Valley Cabernet Franc 2020,12.0,0.75,78.39,104.52,0.1148105625717566
0,Château Grenouilles Chablis Grand Cru 2020,13.0,0.75,85.00,113.33333333333333,0.11470588235294119
0,Bonnet Ponson Les Vignes Dieu Blanc de Blancs Champagne Extra Brut 2012,12.0,0.75,78.51,104.68,0.11463507833397019
0,Le Carré 2013,12.5,0.75,81.80,109.06666666666666,0.11460880195599023
0,Robert Mondavi Winery Oakville Cabernet Sauvignon 2018,14.5,0.75,94.99,126.65333333333332,0.11448573534056218
0,Sukula Barolo Meriame 2017,14.5,0.75,95.00,126.66666666666667,0.11447368421052631
0,Mortlach Special Release 2022 Single Malt,57.8,0.7,354.98,507.11428571428576,0.11397825229590398
0,Bollinger Spécial Cuvée Magnum Champagne Brut,12.0,1.5,157.98,105.32,0.1139384732244588
0,Palmer & Co Réserve Jeroboam Champagne Brut,12.0,3.0,316.00,105.33333333333333,0.1139240506329114
0,Chateau Angludet 2019,13.5,0.375,44.49,118.64,0.11378961564396493
0,André Clouet Un Jour de 1911 Champagne Brut,12.0,0.75,79.19,105.58666666666666,0.11365071347392348
0,Bock Magnifico 2017,15.0,0.75,99.00,132.0,0.11363636363636363
0,Clos des Papes Chateaneuf du Pape Blanc Magnum 2021,14.0,1.5,184.80,123.2,0.11363636363636363
0,Luce 2020,15.0,0.75,99.01,132.01333333333335,0.11362488637511362
0,Bass Phillip Estate Chardonnay 2020,13.6,0.75,89.99,119.98666666666666,0.11334592732525836
0,Frédéric Magnien Chambolle-Musigny 1er Cru Les Feusselottes 2017,13.0,0.75,86.13,114.83999999999999,0.1132009752699408
0,Pierre Gimonnet Special Club Grands Terroirs de Chardonnay Champagne Brut 2016,12.5,0.75,82.90,110.53333333333335,0.11308805790108563
0,Gaja Barolo Dagromis 2018,14.0,0.75,92.85,123.8,0.11308562197092084
0,Garzón Balasto 2015,14.5,0.75,96.50,128.66666666666666,0.11269430051813473
0,A. Bergère Les Vignes de Nuit 100% Chardonnay Champagne Extra Brut,12.0,0.75,79.90,106.53333333333335,0.11264080100125155
0,Gratiot-Pillière Heritage Champagne Brut 2015,12.0,0.75,79.90,106.53333333333335,0.11264080100125155
0,Thiénot x Penfolds Rosé Champagne Brut,12.0,0.75,79.90,106.53333333333335,0.11264080100125155
0,Joseph Drouhin Vosne-Romanée 2018,13.5,0.75,89.89,119.85333333333334,0.11263766826120813
0,Laurent-Perrier Champagne Ultra Brut,12.0,0.75,79.95,106.60000000000001,0.1125703564727955
0,Kolb Grüner Silvaner Eiswein 2018,7.5,0.375,24.99,66.64,0.11254501800720287
0,Brännland Iscider 2018,9.0,0.375,29.99,79.97333333333333,0.11253751250416806
0,Baron de L 2018,13.5,0.75,89.99,119.98666666666666,0.11251250138904323
0,Chateau Bellevue 2018,15.0,0.75,99.99,133.32,0.11251125112511251
0,Mailly Grand Cru Champagne Brut Nature 2013,12.0,0.75,80.00,106.66666666666667,0.11249999999999999
0,Billecart-Salmon Rosé Champagne Brut,12.0,0.75,80.00,106.66666666666667,0.11249999999999999
0,Moët & Chandon Grand Vintage Champagne Brut 2015,12.5,0.75,83.49,111.32,0.11228889687387712
0,The Glenrothes 2004 Single Cask #6095 Nordic Edition 2022 Single Malt,58.7,0.7,365.99,522.8428571428572,0.11227082707177792
0,Abadía Retuerta Pago Garduña Syrah 2016,14.5,0.75,96.89,129.18666666666667,0.11224068531324181
0,Vall Llach Aigua de Llum 2021,13.5,0.57,68.74,120.59649122807018,0.11194355542624382
0,Legras & Haas Grand Cru Exigence No 10 Champagne Brut,12.5,0.75,84.04,112.05333333333334,0.11155402189433603
0,Deutz Classic Champagne Brut Mathusalem,12.0,6.0,645.71,107.61833333333334,0.11150516485728887
0,Laurent Ponsot Beaune 1er Cru Cuvée du Noyer 2020,13.0,0.75,87.46,116.61333333333333,0.11147953350102904
0,Highland Park 21 Year Old 2023 Release Single Malt,46.0,0.7,289.99,414.2714285714286,0.1110383116659195
0,Moric Lutzmannsburg Alte Reben 2016,14.0,0.75,94.59,126.12,0.11100539169045354
0,Bollinger Special Cuvée Champagne Brut Jeroboam,12.5,3.0,337.99,112.66333333333334,0.11095002810734045
0,Pol Roger Réserve Champagne Brut,12.5,12.0,1352.98,112.74833333333333,0.11086638383420301
0,Pasqua Mai Dire Mai Amarone 2015,16.5,0.75,112.00,149.33333333333334,0.11049107142857142
0,Besserat de Bellefon Millésime Champagne Brut 2008,12.5,0.75,85.17,113.56,0.11007396970764353
0,Château Clerc Milon 2015,13.5,0.75,92.01,122.68,0.11004238669709814
0,Henri Giraud Hommage au Pinot Noir Champagne Brut,12.0,0.75,81.89,109.18666666666667,0.10990352912443521
0,Fritz Waßmer Schlossberg Staufen Chardonnay 2018,13.0,0.75,88.88,118.50666666666666,0.1096984698469847
0,Besserat de Bellefon Blanc de Blancs Champagne Brut,12.5,0.75,85.90,114.53333333333335,0.10913853317811407
0,Wynns Coonawarra Estate Michael Shiraz 2016,13.8,0.75,94.90,126.53333333333335,0.10906217070600632
0,Besserat de Bellefon Grand Cru Blanc de Noirs Champagne Brut,12.5,0.75,85.99,114.65333333333332,0.10902430515176184
0,Marion-Bosser Premier Cru Champagne Brut 2012,12.5,0.75,86.16,114.88,0.10880919220055711
0,E. Guigal Condrieu La Doriane 2021,14.5,0.75,99.98,133.30666666666667,0.10877175435087016
0,Artadi San Lazaro 2020,14.5,0.75,99.99,133.32,0.10876087608760876
0,L'Esprit de Maucoil Chateauneuf-du-Pape 2013,14.5,0.75,99.99,133.32,0.10876087608760876
0,Marqués de Murrieta Dalmau 2017,14.5,0.75,99.99,133.32,0.10876087608760876
0,Rivetto Barolo Leon Riserva 2016,14.5,0.75,99.99,133.32,0.10876087608760876
0,Krombacher Weizen Alkoholfrei,0.5,0.5,2.30,4.6,0.10869565217391305
0,Brimoncourt MMIX Champagne Brut 2009,12.5,0.75,86.28,115.04,0.10865785813630041
0,Crisp IPA tölkki,0.5,0.33,1.52,4.6060606060606055,0.10855263157894739
0,Crisp Vehnä tölkki,0.5,0.33,1.52,4.6060606060606055,0.10855263157894739
0,Bernard Lonclas Blanc de Blancs Vintage Champagne Extra Brut 2013,12.0,0.75,82.92,110.56,0.1085383502170767
0,Ridgeview Oak Reserve Single Vineyard Chardonnay Brut,12.0,0.75,82.95,110.60000000000001,0.10849909584086799
0,Laroche Chablis Grand Cru Les Blanchots 2021,12.5,0.75,86.49,115.32,0.10839403399236906
0,Roland Lavantureux Chablis Grand Cru Vaudesir 2020,13.0,0.75,89.99,119.98666666666666,0.10834537170796756
0,Quinta Vale D. Maria Vinha Da Francisca 2014,14.0,0.75,97.18,129.57333333333335,0.10804692323523357
0,Domaine Alexandre Bonnet La Forêt Rosé de Saignée Millésime Champagne Extra Brut 2015,12.5,0.75,86.90,115.86666666666667,0.1078826237054085
0,Gaston Chiquet Special Club Champagne Brut 2014,12.5,0.75,87.13,116.17333333333333,0.10759784230460231
0,Baumann-Zirgel Sélection Grains Nobles Pinot Gris 2016,12.0,0.5,55.90,111.8,0.10733452593917711
0,Gonet Sulcova Cuvee Gaia Grand Cru Champagne Brut,12.0,1.5,167.72,111.81333333333333,0.10732172668733604
0,Legras & Haas Grand Cru Blanc de Blanc Millesime Champagne Brut 2015,12.5,0.75,87.38,116.50666666666666,0.10728999771114672
0,Dalva Colheita Tawny Port 1985,20.0,0.75,139.90,186.53333333333333,0.10721944245889921
0,Bauchet Saint Nicaise 1er Cru Blanc de Blancs Champagne Brut Jeroboam 2015,12.5,3.0,349.90,116.63333333333333,0.10717347813661046
0,Billecart-Salmon Blanc de Blancs Grand Cru Champagne Brut,12.0,0.75,83.99,111.98666666666666,0.10715561376354328
0,Billecart-Salmon Vintage Champagne Extra Brut  2013,12.0,0.75,83.99,111.98666666666666,0.10715561376354328
0,Le Carré 2016,15.0,0.75,105.27,140.35999999999999,0.10686805357651753
0,Moric Lutzmannsburg Alte Reben 2017,13.5,0.75,94.81,126.41333333333334,0.10679253243328762
0,Loriot-Pagel Special Club Champagne Brut 2015,12.5,0.75,87.86,117.14666666666666,0.1067038470293649
0,The Benriach 25 Year Old Single Malt,46.0,0.7,301.99,431.41428571428577,0.10662604722010662
0,Rocas de Sena 2020,14.0,0.75,98.83,131.77333333333334,0.1062430436102398
0,Trinite Estate Acaibo 2014,14.0,0.75,99.00,132.0,0.10606060606060606
0,Leclerc Briant Premier Cru Champagne Extra Brut 2015,12.0,0.75,84.98,113.30666666666667,0.10590727229936456
0,Palmer & Co Grands Terroirs Champagne Brut 2015,12.0,0.75,84.99,113.32,0.10589481115425345
0,Nittnaus Eiswein Exquisit 2021,9.0,0.375,31.95,85.2,0.1056338028169014
0,Chanson Clos des Mouches Beaune 1er Cru 2017,13.5,0.75,95.96,127.94666666666666,0.10551271363067946
0,Pol Roger Blanc de Blancs Champagne Brut 2015,12.5,0.75,89.00,118.66666666666667,0.10533707865168539
0,William Fevre Chablis Grand Cru Bougros 2020,13.0,0.75,92.80,123.73333333333333,0.1050646551724138
0,Bouchard Père & Fils Beaune Clos Saint-Landry Premier Cru Monopole 2019,14.0,0.75,99.98,133.30666666666667,0.10502100420084017
0,Huré Frères Mémoire Champagne Extra Brut,12.0,0.75,85.90,114.53333333333335,0.10477299185098951
0,Sandrone Le Vigne Barolo 2012,14.0,0.75,100.25,133.66666666666666,0.10473815461346635
0,Chateau Angludet 2016,12.5,0.75,89.84,119.78666666666668,0.10435218165627783
0,Ardbeg Traigh Bhan 19 Year Old Batch 5 Single Malt,46.2,0.7,309.98,442.8285714285715,0.10432931156848828
0,Lombard Cramant Grand Cru Champagne Brut Nature 2015,12.5,0.75,89.89,119.85333333333334,0.10429413727889643
0,Marguet Grand Cru Ambonnay Champagne Brut Nature 2017,12.5,0.75,89.89,119.85333333333334,0.10429413727889643
0,Henriet-Bazin Grand Cru Arsène Champagne Extra Brut 2015,12.5,0.75,89.95,119.93333333333334,0.10422456920511394
0,Perrier-Jouët Blanc de Blancs Champagne Brut,12.5,0.75,89.98,119.97333333333334,0.1041898199599911
0,Gut Hermannsberg Riesling Kupfergrube GG 2017,12.5,0.75,89.98,119.97333333333334,0.1041898199599911
0,Louis Roederer et Philippe Starck Champagne Brut Nature 2015,12.5,0.75,89.98,119.97333333333334,0.1041898199599911
0,JM Seleque Soliste Chardonnay Champagne Extra Brut 2016,12.5,0.75,89.98,119.97333333333334,0.1041898199599911
0,De Sousa Mycorhize Grand Cru Champagne Extra Brut,12.5,0.75,89.99,119.98666666666666,0.10417824202689188
0,Larmandier-Bernier Terre de Vertus Blanc de Blancs Premier Cru Champagne Brut Nature 2015,12.5,0.75,89.99,119.98666666666666,0.10417824202689188
0,Cameronbridge 26 Year Old Special Release 2022 Single Grain,56.2,0.7,379.99,542.8428571428572,0.103529040237901
0,Palmer & Co Réserve Champagne Brut Mathusalem,12.0,6.0,698.00,116.33333333333333,0.10315186246418338
0,Louis Roederer Vintage Champagne Brut 2015,12.5,0.75,90.99,121.32,0.10303330036267723
0,Paolo Scavino Barolo Bric dël Fiasc 2018,15.0,0.75,109.20,145.6,0.10302197802197803
0,Laurent-Perrier Millésimé Magnum Champagne Brut 2012,12.0,1.5,175.00,116.66666666666667,0.10285714285714286
0,Oxer Bastegieta Zenigaonaindia Kalamity 2017,14.5,0.75,106.10,141.46666666666667,0.10249764373232799
0,Clos des Papes Chateaneuf du Pape 2020,15.0,0.75,109.90,146.53333333333333,0.10236578707916287
0,Clos des Papes Chateaneuf du Pape 2021,15.0,0.75,109.90,146.53333333333333,0.10236578707916287
0,Château Clerc Milon 2018,14.5,0.75,106.26,141.68,0.10234330886504799
0,Aalto P.S. 2021,15.0,0.75,109.98,146.64000000000001,0.102291325695581
0,Torbreck Descendant 2020,15.0,0.75,109.99,146.65333333333334,0.10228202563869443
0,Louis Latour Nuits-Saint-Georges 1er Cru Les Damodes 2017,13.5,0.75,99.00,132.0,0.10227272727272728
0,Louis Latour Vosne-Romanée 2018,13.5,0.75,99.00,132.0,0.10227272727272728
0,Château Kirwan 2016,13.5,0.75,99.48,132.64000000000001,0.10177925211097708
0,Moric Maissner Lutzmannsburg 2020,13.0,0.75,95.95,127.93333333333334,0.10161542470036478
0,Dourakis Euphoria 2021,10.5,0.5,51.68,103.36,0.10158668730650156
0,Guy Charlemagne Mesnillèsime Champagne Brut  2014,12.0,0.75,88.68,118.24000000000001,0.10148849797023003
0,Moric Krcsi Zagersdorf 2011,13.5,0.75,99.91,133.21333333333334,0.10134120708637774
0,Becker Kammerberg Zensiert 2016,13.5,0.75,99.99,133.32,0.10126012601260126
0,Pertois-Lebrun Derrière le Mont Aigu Chouilly Grand Cru Blanc de Blancs N°14 Champagne Extra-Brut		 2014,12.0,0.75,88.90,118.53333333333335,0.10123734533183351
0,Bruno Paillard Première Cuvée Rosé Champagne Extra Brut,12.0,0.75,88.94,118.58666666666666,0.10119181470654375
0,Boizel Grand Vintage Champagne Brut 2013,12.0,0.75,89.00,118.66666666666667,0.10112359550561797
0,Veuve Clicquot Vintage Champagne Brut 2015,12.5,0.75,92.98,123.97333333333334,0.1008281350828135
0,Van Zellers & Co over 40 Years Very Old Tawny Port,20.0,0.75,148.92,198.55999999999997,0.10072522159548752
0,Bollinger Rosé Champagne Brut,12.0,0.75,89.49,119.32,0.10056989607777406
0,Braastad Extra,40.0,0.7,278.98,398.5428571428572,0.1003656176069969
0,Dumangin Le Vintage Champagne Extra Brut 2009,12.0,0.75,89.81,119.74666666666667,0.10021155773299187
0,Moric Lutzmannsburg Alte Reben 2012,14.0,0.75,104.81,139.74666666666667,0.1001812804121744
0,Marguet Blanc De Blancs Grand Cru Oger Champagne Brut Nature 2017,12.0,0.75,89.89,119.85333333333334,0.10012237178774057
0,Marguet Blanc De Noirs Grand Cru Bouzy Champagne Brut Nature  2017,12.0,0.75,89.89,119.85333333333334,0.10012237178774057
0,Marguet Blanc De Noirs Grand Cru Verzenay Champagne Brut Nature 2017,12.0,0.75,89.89,119.85333333333334,0.10012237178774057
0,Schloss Reinhartshausen Nussbrunnen Riesling Auslese 2013,8.0,0.375,29.98,79.94666666666667,0.1000667111407605
0,Drappier Quattuor Blanc de Quatre Blancs Champagne Brut,12.0,0.75,89.98,119.97333333333334,0.10002222716159145
0,Corbon D'Autrefois Champagne Brut,12.0,0.75,89.98,119.97333333333334,0.10002222716159145
0,de Venoge Princes Champagne Rosé Brut,12.0,0.75,89.99,119.98666666666666,0.10001111234581621
0,Veuve Clicquot Extra Old 3 Champagne Extra Brut,12.0,0.75,89.99,119.98666666666666,0.10001111234581621
0,Etienne Calsac Côteaux Champenois 2020,12.0,0.75,89.99,119.98666666666666,0.10001111234581621
0,L'Aventure Côte a Côte 2018,16.0,0.75,119.99,159.98666666666665,0.10000833402783567
0,Taylor's 30 Year Old Tawny Port,20.0,0.75,149.99,199.98666666666668,0.10000666711114074
0,Billecart-Salmon Rosé Champagne Brut Magnum,12.0,1.5,180.00,120.0,0.1
0,Mendel Finca los Andes Malbec 2020,14.5,0.75,109.00,145.33333333333334,0.09977064220183486
0,Cono Sur Silencio Cabernet Sauvignon 2010,13.3,0.75,99.98,133.30666666666667,0.09976995399079816
0,Le Carré 2017,13.0,0.75,97.96,130.61333333333332,0.09953042057982851
0,Henriet-Bazin Hypolite Blanc de Blancs Premier Cru Champagne Extra Brut 2014,12.5,0.75,94.25,125.66666666666667,0.09946949602122016
0,Le Carré 2018,14.5,0.75,109.38,145.84,0.0994240263302249
0,Nederburg Private Bin Edelkeur Chenin Blanc Noble Late Harvest 2012,9.5,0.375,35.90,95.73333333333333,0.09923398328690808
0,Moët & Chandon Grand Vintage Rosé Champagne Brut 2015,12.5,0.75,94.49,125.98666666666666,0.09921684834374007
0,Saxenburg Shiraz Select 2015,14.5,0.75,109.98,146.64000000000001,0.09888161483906163
0,Vale D. Maria Vinha de Martim 2020,13.0,0.75,98.83,131.77333333333334,0.09865425478093695
0,Albert Bichot Domaine Long-Depaquit Chablis Grand Cru Les Vaudésirs 2019,13.0,0.75,99.00,132.0,0.09848484848484848
0,Simonnet-Febvre Chablis Grand Cru Preuses 2020,13.0,0.75,99.00,132.0,0.09848484848484848
0,Albert Bichot Domaine Long-Depaquit Chablis Grand Cru Les Vaudésirs  2018,13.0,0.75,99.00,132.0,0.09848484848484848
0,Pommery Grand Cru Royal Millesime Champagne Brut 2008,12.5,0.75,95.28,127.04,0.09839420654911839
0,Clos des Papes Chateaneuf du Pape Magnum 2021,15.0,1.5,229.49,152.99333333333334,0.0980434877336703
0,Clos des Papes Chateaneuf du Pape Magnum 2020,15.0,1.5,229.49,152.99333333333334,0.0980434877336703
0,Arpepe Sassella Rocce Rosse Riserva 2016,13.0,0.75,99.80,133.06666666666666,0.09769539078156313
0,Bouchard Père & Fils Volnay Les Caillerets 1er Cru Ancienne Cuvée Carnot 2018,13.0,0.75,99.89,133.18666666666667,0.09760736810491541
0,Errazuriz Las Pizarras Pinot Noir 2018,13.0,0.75,100.20,133.6,0.09730538922155689
0,DuMOL Wildrose Estate Vineyard Sonoma Coast Pinot Noir 2019,14.5,0.75,111.83,149.10666666666665,0.0972458195475275
0,Barons de Rothschild Blanc de Blanc Champagne Brut,12.0,0.75,92.80,123.73333333333333,0.09698275862068965
0,Shafer Relentless 2017,15.5,0.75,119.98,159.97333333333333,0.09689114852475413
0,Bruno Rocca Rabaja Barbaresco 2019,14.0,0.75,108.52,144.69333333333333,0.09675635827497236
0,Philipponnat Grand Blanc Champagne Extra-Brut 2015,12.5,0.75,96.98,129.30666666666667,0.09666941637451021
0,Moric Lutzmannsburg Alte Reben 2013,13.5,0.75,104.81,139.74666666666667,0.09660337754031104
0,Domaine Heresztyn-Mazzini Gevrey-Chambertin Vieilles Vignes 2021,13.0,0.75,101.55,135.4,0.09601181683899557
0,Alter Ego 2017,13.0,0.75,101.76,135.68,0.09581367924528301
0,Christian Drouin Les Millésimés Calvados 1982,42.0,0.7,307.01,438.5857142857143,0.095762353017817
0,Charles Heidsieck Vintage Champagne Brut 2013,12.5,0.75,97.99,130.65333333333334,0.09567302785998572
0,Château Clerc Milon 2016,13.5,0.75,105.97,141.29333333333332,0.09554590921959046
0,Bass Phillip Premium Chardonnay 2017,14.0,0.75,109.98,146.64000000000001,0.09547190398254227
0,Ettore Germano Barolo Lazzarito Riserva 2015,14.0,0.75,110.00,146.66666666666666,0.09545454545454546
0,Palmer & Co Grands Terroirs Champagne Brut Magnum 2015,12.0,1.5,189.00,126.0,0.09523809523809523
0,Château Clerc Milon 2017,13.5,0.75,106.65,142.20000000000002,0.09493670886075949
0,Laurent-Perrier Cuvée Rosé Champagne Brut,12.0,0.75,94.90,126.53333333333335,0.09483667017913593
0,Bollinger Rosé Champagne Brut Magnum,12.0,1.5,189.90,126.60000000000001,0.0947867298578199
0,Mumm RSRV Blanc de Blancs Grand Cru Champagne Brut 2014,12.0,0.75,94.99,126.65333333333332,0.09474681545425835
0,Château Duhart-Milon 2018,14.5,0.75,115.10,153.46666666666667,0.09448305821025195
0,Loimer Muskateller Trockenbeerenauslese 2015,9.5,0.375,37.90,101.06666666666666,0.09399736147757257
0,Ployez-Jacquemart Blanc de Noirs Champagne Vintage Extra Brut 2015,12.0,0.75,95.90,127.86666666666667,0.09384775808133472
0,Ployez-Jacquemart AB390 Vintage Champagne Extra Brut 2016,12.0,0.75,95.90,127.86666666666667,0.09384775808133472
0,Ployez-Jacquemart Vintage Champagne Extra Brut 2009,12.0,0.75,95.90,127.86666666666667,0.09384775808133472
0,Ployez-Jacquemart Blanc de Blancs Vintage Champagne Extra Brut 2010,12.0,0.75,95.90,127.86666666666667,0.09384775808133472
0,Ruinart Blanc de Blancs Champagne Brut,12.5,0.75,99.98,133.30666666666667,0.09376875375075015
0,Veuve Clicquot Vintage Rosé Champagne Brut 2015,12.5,0.75,99.98,133.30666666666667,0.09376875375075015
0,Louis Roederer Blanc de Blancs Champagne Brut 2016,12.5,0.75,99.98,133.30666666666667,0.09376875375075015
0,Louis Roederer et Philippe Starck Rosé Champagne Brut Nature 2015,12.5,0.75,99.98,133.30666666666667,0.09376875375075015
0,Ruinart Rosé Champagne Brut,12.5,0.75,99.98,133.30666666666667,0.09376875375075015
0,Shafer One Point Five 2018,15.0,0.75,119.98,159.97333333333333,0.09376562760460076
0,JM Seleque Partition Champagne Extra Brut 2017,12.5,0.75,99.99,133.32,0.09375937593759376
0,Deutz Blanc de Blancs Champagne Brut 2017,12.0,0.75,96.50,128.66666666666666,0.09326424870466322
0,Château Trotte Vieille 2016,14.0,0.75,112.80,150.4,0.09308510638297872
0,Chateau de Montifaud Extra Jens,40.0,0.7,300.89,429.84285714285716,0.09305726345175977
0,Gini Scajari Amarone della Valpolicella Riserva 2011,16.0,0.75,129.10,172.13333333333333,0.09295120061967467
0,Philipponnat Blanc de Noirs Champagne Extra-Brut 2016,12.0,0.75,96.98,129.30666666666667,0.0928026397195298
0,Bruno Paillard Blanc de Blancs Grand Cru Champagne Extra Brut,12.0,0.75,97.18,129.57333333333335,0.09261164848734306
0,Stephan Vineyards L'Aventure Estate Cuvée 2018,16.0,0.75,130.22,173.62666666666667,0.09215174320380894
0,Château Duhart-Milon 2017,12.5,0.75,101.76,135.68,0.09212853773584906
0,Bollinger Rose Champagne Brut Jeroboam,12.0,3.0,390.90,130.29999999999998,0.09209516500383731
0,Domaine Belle Hermitage Blanc 2022,13.5,0.75,109.95,146.6,0.09208731241473397
0,Domaine Faiveley Nuits-Saint-Georges 1er Cru Les Porêts-Saint-Georges 2018,13.5,0.75,109.98,146.64000000000001,0.0920621931260229
0,Domaine Belle Hermitage 2020,15.0,0.75,122.30,163.06666666666666,0.0919869174161897
0,Vieux Château Mazerat 2014,13.5,0.75,110.15,146.86666666666667,0.09192010894235134
0,Louis Roederer Rosé Champagne Brut 2016,12.0,0.75,97.99,130.65333333333334,0.09184610674558628
0,Château Duhart-Milon 2016,14.0,0.75,114.68,152.90666666666667,0.09155912103243809
0,Vieux Château Mazerat 2015,14.5,0.75,119.19,158.92,0.09124087591240877
0,La Chapelle de La Mission Haut-Brion 2015,14.5,0.75,119.19,158.92,0.09124087591240877
0,Oremus Tokaji Aszú 5 Puttonyos 2014,12.0,0.5,65.98,131.96,0.09093664746892997
0,Drappier Grande Sendrée Champagne Brut 2012,12.0,0.75,98.99,131.98666666666665,0.09091827457318923
0,Vollereaux Cuvée Marguerite Rosé Champagne Brut 2012,12.0,0.75,99.00,132.0,0.09090909090909091
0,Barrat-Masson Les Volies Champagne Brut Nature 2017,12.5,0.75,103.19,137.58666666666667,0.09085182672739606
0,Tecedeiras Único 2018,14.5,0.75,119.90,159.86666666666667,0.09070058381984987
0,Bass Phillip Pinot Noir 2020,14.5,0.75,119.99,159.98666666666665,0.09063255271272606
0,Antinori Tignanello 2020,14.5,0.75,120.00,160.0,0.090625
0,Philippe Pacalet Gevrey-Chambertin 2018,13.0,0.75,107.60,143.46666666666667,0.09061338289962825
0,Les Astéries 2013,12.5,0.75,103.60,138.13333333333333,0.09049227799227799
0,Nadal de Boadella RNG20 Brut Nature 1997,12.0,1.5,199.00,132.66666666666666,0.09045226130653267
0,Bass Phillip Pinot Noir 2017,14.5,0.75,120.46,160.61333333333332,0.0902789307653993
0,Laurent-Perrier Cuvée Rosé Champagne Brut Metal Jacket,12.0,0.75,99.89,133.18666666666667,0.09009910901992191
0,Henriot Millésime Champagne Brut 2012,12.0,0.75,99.98,133.30666666666667,0.09001800360072014
0,Reserva Particular de Recaredo Corpinnat Brut Nature 2009,12.0,0.75,99.99,133.32,0.09000900090009001
0,Huré Frères 4 éléments Pinot Noir Champagne Extra Brut 2015,12.0,0.75,100.03,133.37333333333333,0.08997300809757072
0,The Macallan Rare Cask Single Malt,43.0,0.7,334.99,478.5571428571429,0.08985342846055105
0,Pierre Mignon Gold Prestige Cuvée Champagne Brut,12.0,0.75,100.47,133.96,0.08957897879964168
0,Pommery Royal Champagne Brut Jeroboam,12.5,3.0,418.70,139.56666666666666,0.08956293288750895
0,Louis Latour Chambolle-Musigny 2017,13.0,0.75,109.00,145.33333333333334,0.08944954128440366
0,Martha's 30 Years Old Tawny Port,20.0,0.75,168.00,224.0,0.08928571428571429
0,Graham's The Stone Terraces Vintage Port 2015,20.0,0.75,169.00,225.33333333333334,0.08875739644970414
0,Chiara Boschis Barolo Cannubi 2018,14.0,0.75,119.30,159.06666666666666,0.08801341156747695
0,3 Fonteinen Hommage,5.5,0.375,23.52,62.72,0.08769132653061225
0,Terre Nere Etna Rosso Prephylloxera La Vigna di Don Peppino 2020,14.0,0.75,119.99,159.98666666666665,0.0875072922743562
0,Moric Lutzmannsburg Alte Reben 2019,13.5,0.75,115.89,154.52,0.08736733108982656
0,La Chapelle de La Mission Haut-Brion 2018,14.5,0.75,124.54,166.05333333333334,0.08732134254054921
0,Penfolds St Henri Shiraz 2018,14.5,0.75,124.59,166.12,0.08728629906091981
0,Quinta do Noval Vintage Port 2000,20.0,0.75,172.20,229.6,0.08710801393728224
0,Stags’ Leap The Leap Cabernet Sauvignon 2019,14.5,0.75,124.90,166.53333333333333,0.08706965572457967
0,Matthiasson Dead Fred Vineyard Napa Valley Cabernet Sauvignon 2019,13.5,0.75,116.32,155.09333333333333,0.08704436038514443
0,Penfolds St Henri Shiraz 2020,14.5,0.75,124.98,166.64000000000001,0.0870139222275564
0,Penfolds St Henri Shiraz 2019,14.5,0.75,124.98,166.64000000000001,0.0870139222275564
0,Vasse Felix Tom Cullity 2014,14.5,0.75,125.00,166.66666666666666,0.08700000000000001
0,Chanson Corton Grand Cru Les Vergennes 2020,13.0,0.75,112.40,149.86666666666667,0.08674377224199288
0,A.D. Coutelas Cuvée Rebel Champagne Extra Brut 2011,12.0,0.75,103.91,138.54666666666665,0.08661341545568281
0,Drappier Carte d'Or Champagne Brut Salomon,12.5,18.0,2599.99,144.44388888888886,0.0865387943799784
0,Oxer Bastegieta Zenigaonaindia Tartalo 2019,14.5,0.75,125.79,167.72,0.08645361316479848
0,Alexandre Bonnet La Géande 7 Cépages Champagne Brut Nature 2018,12.5,0.75,109.00,145.33333333333334,0.0860091743119266
0,The Macallan Double Cask 18 Year Old Single Malt,43.0,0.7,349.98,499.97142857142865,0.08600491456654664
0,Égérie de Pannier Champagne Extra Brut 2012,12.0,0.75,105.40,140.53333333333333,0.08538899430740038
0,Camille Giroud Volnay Premier Cru Lurets 2013,12.5,0.75,109.98,146.64000000000001,0.08524277141298417
0,Moët & Chandon Impérial Champagne Brut Mathusalem,12.0,6.0,845.35,140.89166666666668,0.08517182232211509
0,Moric Neckenmarkt Alte Reben 2012,13.5,0.75,118.90,158.53333333333333,0.0851555929352397
0,Legras & Haas Grand Cru Blanc de Blanc Millesime Champagne Brut Jeroboam 2015,12.5,3.0,441.40,147.13333333333333,0.08495695514272769
0,Les Astéries 2014,13.5,0.75,119.19,158.92,0.08494840171155299
0,Domaine Faiveley Puligny-Montrachet 1er Cru Champ Gain 2016,13.0,0.75,114.99,153.32,0.0847899817375424
0,Vieux Château Mazerat 2013,13.5,0.75,119.50,159.33333333333334,0.08472803347280335
0,La Clarté de Haut-Brion 2017,14.0,0.75,124.12,165.49333333333334,0.08459555269094425
0,Louis Latour Puligny-Montrachet 1er Cru Sous le Puits 2020,13.5,0.75,119.89,159.85333333333332,0.08445241471348737
0,La Clarté de Haut-Brion 2018,14.0,0.75,124.41,165.88,0.08439836026042923
0,Vieux Château Mazerat 2016,15.0,0.75,133.51,178.01333333333332,0.08426335105984571
0,Bibi Graetz Testamatta 2019,14.0,0.75,124.95,166.6,0.08403361344537816
0,Michele Chiarlo Barolo Cannubi 2017,14.0,0.75,125.00,166.66666666666666,0.084
0,Pio Cesare Barolo Ornato 2019,14.5,0.75,130.00,173.33333333333334,0.08365384615384615
0,Clausthaler Original,0.5,0.33,1.98,6.0,0.08333333333333333
0,Les Astéries 2015,15.0,0.75,135.45,180.6,0.08305647840531562
0,Gaja Alteni di Brassica 2017,13.5,0.75,122.05,162.73333333333332,0.08295780417861533
0,Conde de Valdemar Gran Reserva 1985,13.0,0.75,117.62,156.82666666666668,0.08289406563509606
0,Hugues Godme Les Alouettes Saint Bets Premier Cru Champagne Extra Brut 2010,12.0,0.75,108.72,144.96,0.08278145695364238
0,Louis M. Martini Monte Rosso Vineyard Cabernet Sauvignon 2016,15.3,0.75,139.00,185.33333333333334,0.08255395683453237
0,Chapuy Unique Oger Chardonnay Grand Cru Champagne Brut Nature 2014,12.5,0.75,114.16,152.21333333333334,0.08212158374211632
0,Vieux Château Mazerat 2012,13.5,0.75,123.30,164.4,0.08211678832116788
0,Les Astéries 2012,13.5,0.75,123.30,164.4,0.08211678832116788
0,Louis Moreau Chablis Grand Cru Les Clos des Hospices 2020,13.0,0.75,118.80,158.4,0.08207070707070707
0,Boizel Blanc de Blancs Champagne Brut 2006,12.0,0.75,110.00,146.66666666666666,0.08181818181818182
0,La Clarté de Haut-Brion 2016,13.5,0.75,123.88,165.17333333333332,0.08173232160154989
0,Ca' Del Bosco Cuvée Annamaria Clementi Franciacorta Riserva Brut 2014,13.0,0.75,119.50,159.33333333333334,0.0815899581589958
0,La Chapelle de La Mission Haut-Brion 2017,13.5,0.75,124.12,165.49333333333334,0.08157428295198195
0,Vieux Château Mazerat 2017,13.5,0.75,124.41,165.88,0.08138413310827104
0,Prinz Von Hessen Goldstück Riesling Beerenauslese 2011,11.5,0.375,52.99,141.30666666666667,0.0813832798641253
0,Moric Lutzmannsburg Alte Reben 2020,13.0,0.75,119.89,159.85333333333332,0.08132454750187673
0,Bunnahabhain 25 Year Old Single Malt,46.3,0.7,399.99,571.4142857142857,0.08102702567564189
0,Brännland Iscider Barrique 2017,9.5,0.187,21.98,117.54010695187166,0.08082347588717015
0,E. Guigal Château d’Ampuis Côte-Rôtie 2018,14.0,0.75,129.98,173.30666666666664,0.08078165871672566
0,Abadía Retuerta PV Petit Verdot 2015,15.0,0.75,139.99,186.65333333333334,0.08036288306307593
0,Torbreck Les Amis 2017,15.0,0.75,140.21,186.9466666666667,0.0802367876756294
0,Balthasar Ress Oestrich Doosberg Rheingau Riesling Auslese 1989,9.5,0.75,89.00,118.66666666666667,0.0800561797752809
0,Mailly Grand Cru L'intemporelle Champagne Brut Magnum 2016,12.0,1.5,225.00,150.0,0.08
0,Pio Cesare Barolo Mosconi 2019,14.5,0.75,136.50,182.0,0.07967032967032966
0,Château Valandraud 2012,14.5,0.75,138.10,184.13333333333333,0.07874728457639392
0,Masi Campolongo di Torbe Amarone della Valpolicella Classico 2013,16.0,0.75,152.98,203.97333333333333,0.07844162635638646
0,Masi Mazzano Amarone della Valpolicella Classico 2011,16.0,0.75,152.98,203.97333333333333,0.07844162635638646
0,Royal City Syrah 2014,14.5,0.75,139.00,185.33333333333334,0.07823741007194245
0,Laherte Freres Empreintes Champagne Extra Brut 2017,12.5,0.75,119.99,159.98666666666665,0.07813151095924661
0,Camus Extra Elegance,40.0,0.7,358.99,512.8428571428572,0.07799660157664559
0,Artadi La Poza de Ballesteros 2019,14.5,0.75,139.90,186.53333333333333,0.07773409578270193
0,Kalleske Johann Georg Shiraz 2003,15.5,0.75,151.15,201.53333333333333,0.0769103539530268
0,Stowford Press Low Alcohol Cider,0.5,0.33,2.15,6.515151515151515,0.07674418604651163
0,The Macallan Sherry Oak Cask 18 Years Old Single Malt 2023 Release,43.0,0.7,399.99,571.4142857142857,0.07525188129703243
0,Varpu Alkoholiton Mustikkaglögi viinipussi,0.5,1.5,9.98,6.653333333333333,0.07515030060120241
0,Vale D. Maria Tinto Magnum 2015,15.0,1.5,299.55,199.70000000000002,0.07511266900350524
0,Vale D. Maria Tinto Magnum 2013,15.0,1.5,299.55,199.70000000000002,0.07511266900350524
0,Vale D. Maria Tinto Magnum 2011,15.0,1.5,299.55,199.70000000000002,0.07511266900350524
0,Vale D. Maria Tinto Magnum 2012,15.0,1.5,299.55,199.70000000000002,0.07511266900350524
0,Dreissigacker Bechtheimer Heilig-Kreuz Rieslaner Beerenauslese 2015,8.0,0.375,39.98,106.61333333333333,0.0750375187593797
0,Drappier Grande Sendrée Rosé Champagne Brut 2010,12.0,0.75,119.98,159.97333333333333,0.07501250208368061
0,La Chapelle de La Mission Haut-Brion 2016,13.5,0.75,135.45,180.6,0.07475083056478406
0,Kweichow Moutai Flying Fairy,53.0,0.5,355.89,711.78,0.07446120992441485
0,Exsto Elixir Cognac,40.0,0.7,377.58,539.4,0.07415647015202077
0,Le Dôme 2013,13.5,0.75,136.93,182.57333333333335,0.073942890528007
0,Les Astéries 2016,15.0,0.75,152.43,203.24,0.07380436921865774
0,Etienne Calsac Les Revenants Champagne Brut Nature,12.0,0.75,122.65,163.53333333333333,0.07337953526294333
0,Schales Weisser Burgunder Beerenauslese 1994,9.5,0.5,65.02,130.04,0.07305444478621963
0,Louis Latour Château Corton Grancey Grand Cru 2016,13.5,0.75,139.00,185.33333333333334,0.07284172661870503
0,Bollinger PN AYC18 Champagne Brut 2018,12.5,0.75,128.89,171.85333333333332,0.07273644192722477
0,Palmer & Co Réserve Champagne Brut Nabuchodonosor,12.0,15.0,2490.00,166.0,0.07228915662650602
0,Le Dôme 2014,13.5,0.75,140.83,187.77333333333334,0.07189519278562806
0,Les Astéries 2017,13.5,0.75,141.38,188.50666666666666,0.0716155043146131
0,Le Dôme 2012,13.5,0.75,142.20,189.6,0.07120253164556962
0,Les Astéries 2018,15.0,0.75,158.54,211.38666666666666,0.07096001009209033
0,Camille Giroud Corton Les Renardes Grand Cru 2019,14.0,0.75,149.00,198.66666666666666,0.07046979865771813
0,Château Montus La Tyre 2010,15.5,0.75,165.00,220.0,0.07045454545454545
0,Blossa Ekologisk Alkoholfri Glögg,0.5,0.75,5.33,7.1066666666666665,0.07035647279549719
0,François Diligent Grande Oenothèque Vintage Champagne Brut Nature 2002,12.0,0.75,127.99,170.65333333333334,0.07031799359324947
0,Bruichladdich Black Art 10 Single Malt,45.1,0.7,450.00,642.8571428571429,0.07015555555555555
0,Vega-Sicilia Valbuena 5 2018,14.5,0.75,155.50,207.33333333333334,0.06993569131832797
0,Philipponnat 1522 Grand Cru Champagne Extra-Brut 2016,12.0,0.75,129.98,173.30666666666664,0.06924142175719343
0,Hospices de Beaune Cuvée Nicolas Rolin 2015,13.5,0.75,147.00,196.0,0.06887755102040816
0,Cazes Rivesaltes 1960,15.5,0.75,168.98,225.30666666666664,0.06879512368327613
0,Vilmart & Cie Coeur de Cuvée Premier Cru Champagne Brut 2013,12.5,0.75,136.60,182.13333333333333,0.06863103953147877
0,Taylor's 40 Year Old Tawny Port,20.0,0.75,219.98,293.3066666666667,0.06818801709246294
0,Martha's 40 Years Old Tawny Port,20.0,0.75,220.00,293.3333333333333,0.06818181818181819
0,Schloss Sommerau Weisswein Alkoholfrei,0.5,0.75,5.50,7.333333333333333,0.06818181818181819
0,Don Melchor Cabernet Sauvignon 2020,14.5,0.75,159.90,213.20000000000002,0.06801125703564727
0,BrewDog Nanny State,0.5,0.33,2.43,7.363636363636364,0.06790123456790123
0,Põhjala Virmalised 0 IPA tölkki,0.5,0.33,2.43,7.363636363636364,0.06790123456790123
0,BrewDog Punk IPA Alcohol Free,0.5,0.33,2.43,7.363636363636364,0.06790123456790123
0,Gevrey-Chambertin 1er Cru La Petite-Chapelle 2018,13.5,0.75,149.78,199.70666666666668,0.06759914541327279
0,Wynns John Riddoch Cabernet Sauvignon 2019,13.5,0.375,74.90,199.73333333333335,0.06759012016021361
0,Les Millésimes de Christian Drouin Calvados 1971,42.0,0.7,435.01,621.4428571428572,0.0675846532263626
0,Legras & Haas Grand Cru Blanc de Blanc Sillons Champagne Extra Brut 2014,12.5,0.75,139.90,186.53333333333333,0.067012151536812
0,Le Clarence de Haut-Brion 2015,14.5,0.75,164.29,219.0533333333333,0.06619392537585976
0,Le Dôme 2015,14.5,0.75,164.29,219.0533333333333,0.06619392537585976
0,Two Hands Ares Barossa Valley Shiraz 2014,14.5,0.75,164.98,219.97333333333333,0.06591708085828585
0,Penfolds RWT Bin 798 2020,14.5,1.5,329.99,219.99333333333334,0.06591108821479438
0,Jean-Luc & Eric Burguet Vosne-Romanée Premier Cru Les Rouges du Dessus 2018,14.5,0.75,165.03,220.04,0.06589710961643337
0,Gustave Lorentz Riesling Grand Cru Altenberg de Bergheim Sélection de Grains Nobles 2015,13.0,0.5,99.00,198.0,0.06565656565656566
0,Nicolas Feuillatte Palmes d'Or Champagne Brut 2008,12.5,0.75,142.98,190.64,0.0655686109945447
0,Domaine Faiveley Gevrey-Chambertin 1er Cru Les Cazetiers 2017,13.0,0.75,149.98,199.97333333333333,0.06500866782237631
0,Etienne Calsac Clos Des Maladries Grand Cru Avize Champagne Brut Nature 2018,12.0,0.75,139.85,186.46666666666667,0.06435466571326422
0,Domaine des Bosquets Gigondas Le Regard Loin 2021,15.0,0.75,174.90,233.20000000000002,0.06432246998284734
0,Château Valandraud 2017,15.0,0.75,174.98,233.30666666666664,0.06429306206423592
0,Château Canon 2018,14.5,0.75,169.68,226.24,0.06409123055162659
0,Penfolds RWT BIN 798 Shiraz 2019,14.5,0.75,169.89,226.51999999999998,0.06401200776973336
0,Penfolds RWT Bin 798 2018,14.5,0.75,169.98,226.64,0.06397811507236145
0,Zuccardi Finca Piedra Infinita 2017,14.5,0.75,169.99,226.65333333333334,0.0639743514324372
0,Quinta Vale D. Maria Vinha do Rio 2015,14.5,1.5,340.01,226.67333333333332,0.0639687068027411
0,Louis Guntrum Oppenheimer Herrenberg Scheurebe Trockenbeerenauslese 1999,10.0,0.375,58.96,157.22666666666666,0.06360244233378562
0,Bruichladdich Black Art 11 Single Malt 1998,44.2,0.7,490.00,700.0,0.06314285714285715
0,Thornbridge Zero Five,0.5,0.33,2.63,7.969696969696969,0.06273764258555134
0,Ystävän Glögi Puolukka-Punaherukka,0.5,0.5,3.99,7.98,0.06265664160401002
0,Laurent-Perrier Grand Siècle Champagne Brut,12.5,1.5,299.81,199.87333333333333,0.06253960841866515
0,Vilmart & Cie Emotion Champagne Rosé Brut 2014,12.5,0.75,149.99,199.98666666666668,0.06250416694446297
0,Laurent-Perrier La Cuvée Brut Salmanazar,12.5,9.0,1799.95,199.99444444444444,0.06250173615933777
0,Penfolds Magill Estate Shiraz 2019,14.5,0.75,174.91,233.21333333333334,0.06217483277113944
0,Penfolds Magill Estate Shiraz 2018,14.5,0.75,174.91,233.21333333333334,0.06217483277113944
0,Boizel Joyau de France Champagne Brut 2004,12.0,0.75,144.99,193.32000000000002,0.06207324643078832
0,Christian Drouin Les Millésimés Calvados 1972,42.0,0.7,474.00,677.1428571428572,0.06202531645569619
0,Dubreuil Corton Grand Cru Les Grandes Lolières 2021,13.5,0.75,163.51,218.01333333333332,0.06192281817625834
0,Taylor's Single Harvest 1969 1969,20.5,0.75,249.88,333.17333333333335,0.06152953417640467
0,Patricius Tokaj Aszú 6 Puttonyos 2017,11.0,0.5,90.01,180.02,0.06110432174202866
0,Château Quintus 2015,15.0,0.75,184.12,245.49333333333334,0.061101455572452744
0,Joseph Drouhin Corton-Charlemagne Grand Cru 2018,14.0,0.75,173.00,230.66666666666666,0.060693641618497114
0,Palmer & Co Amazone Champagne Brut,12.0,0.75,149.00,198.66666666666666,0.06040268456375839
0,Gérard Bertrand Legend Vintage Rivesaltes 1969,16.0,0.75,199.00,265.3333333333333,0.06030150753768845
0,Château Pontet-Canet 2017,13.0,0.75,162.18,216.24,0.06011838697743248
0,Ployez-Jacquemart Granite Champagne Extra Brut,12.0,0.75,149.90,199.86666666666667,0.0600400266844563
0,Joseph Perrier Cuvée Royale Vintage Champagne Brut 2002,12.0,0.75,149.98,199.97333333333333,0.06000800106680891
0,Laurent-Perrier La Cuvée Brut Balthazar,12.0,12.0,2399.98,199.99833333333333,0.0600005000041667
0,Castell d'Encus Saktih 2016,14.0,0.75,176.31,235.08,0.05955419431682831
0,Château Quintus 2017,14.5,0.75,182.66,243.54666666666665,0.059536844410379944
0,Torbreck Runrig 2017,15.0,0.75,189.00,252.0,0.05952380952380952
0,Pierre Mignon Cœur d'Or Millésimé Champagne Brut 2010,12.0,0.75,151.36,201.81333333333336,0.059460887949260036
0,Big Drop Poolside DDH IPA tölkki,0.5,0.33,2.79,8.454545454545455,0.059139784946236555
0,Lervig No Worries,0.5,0.33,2.80,8.484848484848484,0.058928571428571434
0,Château Quintus Rouge 2016,15.0,0.75,191.80,255.73333333333335,0.0586548488008342
0,Penet-Chardonnet La Croix l’Aumonier Grand Cru Champagne Extra Brut 2011,12.5,0.75,159.90,213.20000000000002,0.05863039399624765
0,Beringer Private Reserve Cabernet Sauvignon 2016,15.5,0.75,199.89,266.52,0.05815698634248837
0,Leclerc Briant La Croisette Champagne Brut Zéro 2014,12.0,0.75,154.99,206.65333333333334,0.05806826246854636
0,Jacopo Biondi Santi Schidione 2016,13.5,0.75,175.22,233.62666666666667,0.057784499486360004
0,Mumm RSRV Cuvée Lalou Champagne Brut 2008,12.5,0.75,163.89,218.51999999999998,0.057203002013545674
0,Torbreck Runrig 2018,15.0,0.75,199.00,265.3333333333333,0.056532663316582916
0,Glenfarclas 30 Year Old Single Malt,43.0,0.7,533.24,761.7714285714286,0.05644737829120096
0,Le Dôme 2016,15.0,0.75,199.62,266.16,0.056357078449053195
0,Bouchard Père & Fils Le Corton Grand Cru 2018,13.5,0.75,179.89,239.85333333333332,0.05628439601978987
0,Leclerc Briant Le Clos des Trois Clochers Champagne Brut Zéro 2014,12.0,0.75,159.95,213.26666666666665,0.05626758361988122
0,Château Valandraud 2015,15.0,0.75,202.29,269.71999999999997,0.05561322853329379
0,Taylor's Golden Age 50 YO Tawny Port,20.0,0.75,269.99,359.9866666666667,0.055557613244934995
0,Carillon d'Angelus 2017,13.5,0.75,182.49,243.32000000000002,0.05548249219135295
0,Château Pontet Canet 2018,12.5,0.75,169.81,226.41333333333333,0.055208762734821275
0,Taittinger Comtes de Champagne Blanc de Blancs Brut 2011,12.5,0.75,169.98,226.64,0.055153547476173674
0,Château Cos d'Estournel 2013,12.0,0.75,163.90,218.53333333333333,0.05491153142159853
0,Cazes Rivesaltes 1950,16.0,0.75,219.05,292.06666666666666,0.054782013238986536
0,Álvaro Palacios La Baixada 2019,14.5,0.75,199.30,265.73333333333335,0.05456598093326643
0,François Diligent Grande Oenothèque Vintage Champagne Brut Nature 1996,12.0,0.75,165.00,220.0,0.05454545454545454
0,Jean Vesselle Cuvée Le Petit Clos Grand Cru Bouzy Champagne Brut 2009,12.0,0.75,165.00,220.0,0.05454545454545454
0,M. Chapoutier Ermitage Le Pavillon 2008,13.5,0.75,185.70,247.6,0.05452342487883684
0,Artadi El Carretil 2020,14.5,0.75,199.99,266.65333333333336,0.05437771888594429
0,Brooklyn Special Effects Hoppy Lager,0.4,0.33,2.44,7.393939393939394,0.05409836065573771
0,Kilikanoon Attunga 1865 Clare Valley Shiraz 2009,14.5,0.75,201.20,268.26666666666665,0.054050695825049705
0,Château Pichon Longueville Comtesse de Lalande 2017,13.0,0.75,180.73,240.97333333333333,0.05394787805013003
0,Philipponnat La Rémissonne Mareuil-su-Ay Premier Cru Champagne Extra Brut 2009,13.0,0.75,181.00,241.33333333333334,0.05386740331491713
0,Camille Giroud Corton-Charlemagne Grand Cru 2019,14.0,0.75,195.00,260.0,0.05384615384615385
0,Vandestreek No Sour Losers tölkki,0.5,0.33,3.07,9.303030303030303,0.05374592833876222
0,Blue Nun Red Alcohol Free,0.5,0.75,6.99,9.32,0.0536480686695279
0,Blue Nun White Alcohol Free,0.5,0.75,6.99,9.32,0.0536480686695279
0,Le Clarence de Haut-Brion 2018,14.5,0.75,203.62,271.49333333333334,0.053408309596306845
0,Domaine des Comtes Lafon Meursault Clos de la Barre 2020,13.5,0.75,190.01,253.34666666666666,0.05328666912267775
0,De Buris Amarone della Valpolicella Classico Riserva 2010,15.5,0.75,219.00,292.0,0.053082191780821915
0,De Venoge Millésime Champagne Extra Brut 2000,12.0,0.75,169.98,226.64,0.052947405577126724
0,Bruno Rocca Curra Barbaresco Riserva 2015,14.5,0.75,205.53,274.04,0.0529119836520216
0,Dalva Colheita Golden White Port 1971,20.0,0.5,189.39,378.78,0.05280109826284387
0,Krohn Vintage Port 1963,21.0,0.75,298.36,397.81333333333333,0.05278857755731331
0,Zuccardi Finca Piedra Infinita Supercal 2017,14.0,0.75,199.00,265.3333333333333,0.05276381909547739
0,Dalva Colheita Golden White Port 1989,20.0,0.5,189.56,379.12,0.05275374551593163
0,Albert Bichot Domaine Long-Depaquit Chablis Grand Cru Moutonne Monopole 2020,13.0,0.75,184.90,246.53333333333333,0.052731206057328284
0,Albert Bichot Domaine Long-Depaquit Chablis Grand Cru Moutonne Monopole 2019,13.0,0.75,184.90,246.53333333333333,0.052731206057328284
0,Penfolds Yattarna Bin 144 Chardonnay 2021,13.0,0.75,184.98,246.64,0.0527084009082063
0,Penfolds Yattarna Chardonnay Bin 144 2018,13.0,0.75,184.98,246.64,0.0527084009082063
0,M. Chapoutier Ermitage le Pavillon 2007,14.0,0.75,199.51,266.0133333333333,0.05262894090521779
0,André Jacquart 1er Cru Solera Réserve Perpétuel Blanc de Blancs Champagne Extra Brut,12.5,0.75,179.25,239.0,0.05230125523012552
0,Glenfarclas 1993 Single Cask,53.8,0.7,723.80,1034.0,0.052030947775628625
0,Château Cos dÉstournel 2017,13.0,0.75,188.15,250.86666666666667,0.051820356098857295
0,Le Clarence de Haut-Brion 2017,14.0,0.75,203.46,271.28000000000003,0.05160719551754644
0,Sena 2020,13.5,0.75,197.29,263.05333333333334,0.05132039130214405
0,Bouchard Père & Fils Corton-Charlemagne Grand Cru 2018,13.5,0.75,199.00,265.3333333333333,0.05087939698492463
0,Drop Bear Beer New World Lager tölkki,0.5,0.33,3.25,9.848484848484848,0.050769230769230775
0,Drop Bear Beer Tropical IPA tölkki,0.5,0.33,3.25,9.848484848484848,0.050769230769230775
0,Drop Bear Beer Yuzu Pale Ale tölkki,0.5,0.33,3.25,9.848484848484848,0.050769230769230775
0,Penfolds Yattarna Bin 144 Chardonnay 2019,12.5,0.75,184.98,246.64,0.05068115471942913
0,Le Dôme 2017,13.5,0.75,199.89,266.52,0.05065285907248987
0,Nyetimber 1086 Vintage Brut 2010,12.0,0.75,179.00,238.66666666666666,0.05027932960893855
0,Champagne Thiénot X Penfolds Lot. 3-175 Grand Cru Blanc de Noirs Vintage Champagne Extra Brut 2012,12.0,0.75,179.89,239.85333333333332,0.05003057423981322
0,Castillo Ygay Gran Reserva Especial 2011,14.0,0.75,209.95,279.93333333333334,0.05001190759704691
0,Georg Breuer Berg Schlossberg Riesling Auslese 2015,8.0,0.375,59.99,159.97333333333333,0.050008334722453744
0,Erdinger Alkoholfrei Grapefruit,0.3,0.33,1.98,6.0,0.049999999999999996
0,Le Petit Mouton de Mouton Rothschild 2015,13.5,0.75,203.46,271.28000000000003,0.04976408139191978
0,Le Clarence de Haut-Brion 2016,13.5,0.75,203.46,271.28000000000003,0.04976408139191978
0,Rivetto Barolo Leon Riserva 10 Anni 2011,14.5,0.75,219.00,292.0,0.04965753424657534
0,Enate Uno Tinto 2010,15.0,0.75,227.00,302.6666666666667,0.04955947136563876
0,Highland Park 25 Year Old 2022 Release Single Malt,46.0,0.7,650.00,928.5714285714287,0.04953846153846153
0,Ornellaia 2020,14.5,0.75,220.00,293.3333333333333,0.04943181818181819
0,Chouffe Alcohol-Free 0,0.4,0.33,2.68,8.121212121212121,0.049253731343283584
0,Genys Sixth Month Non-Alco Milkshake Ale with Ice Mint & Raspberries tölkki,0.5,0.44,4.48,10.181818181818183,0.04910714285714285
0,Cutty Sark 33 Year Old Art Deco Limited Edition,41.7,0.7,594.99,849.9857142857144,0.04905964806131195
0,Pol Roger Cuvée Sir Winston Churchill Champagne Brut 2015,12.5,0.75,194.00,258.6666666666667,0.04832474226804123
0,Codorniu Zero Alcohol Free,0.5,0.75,7.78,10.373333333333333,0.048200514138817485
0,Perrier-Jouët Belle Epoque Champagne Brut 2014,12.5,0.75,194.99,259.9866666666667,0.04807938868659931
0,Louis Latour Corton-Charlemagne Grand Cru 2017,14.0,0.75,219.98,293.3066666666667,0.047731611964724065
0,Veuve Clicquot La Grande Dame Champagne Brut 2015,12.5,0.75,196.98,262.64,0.047593664331404203
0,Nicolas Feuillatte Palmes d'Or Rosé Champagne Brut 2006,12.0,0.75,189.98,253.30666666666664,0.047373407727129176
0,Henriot Cuvée Hemera Grand Cru Champagne Brut 2006,12.0,0.75,189.98,253.30666666666664,0.047373407727129176
0,Devaux & Michel Chapoutier Sténopé Champagne Brut 2008,12.0,0.75,190.05,253.4,0.0473559589581689
0,Collet Esprit Couture Champagne Brut,12.5,0.75,198.85,265.1333333333333,0.04714609001760121
0,Clos Lanson Brut 2006,12.5,0.75,198.99,265.32,0.047112920247248606
0,Jacob's Creek UnVined Shiraz 2021,0.5,0.75,7.96,10.613333333333333,0.0471105527638191
0,Jacob's Creek UnVined Riesling 2022,0.5,0.75,7.96,10.613333333333333,0.0471105527638191
0,Lindeman's Alcohol Free Cabernet Sauvignon,0.5,0.75,7.98,10.64,0.046992481203007516
0,Lindeman's Alcohol Free Semillon Chardonnay,0.5,0.75,7.98,10.64,0.046992481203007516
0,Blitz Riesling Alcohol Free,0.5,0.75,8.00,10.666666666666666,0.046875
0,Fentimans Ginger Beer,0.5,0.275,2.95,10.727272727272727,0.046610169491525424
0,Thiénot x Penfolds Blanc de Blancs Champagne Brut 2013,12.0,0.75,194.90,259.8666666666667,0.046177526936890714
0,El Gaitero Sin Low Alcohol Cider,0.5,0.33,3.59,10.878787878787877,0.04596100278551533
0,Quinta do Crasto Vinha Maria Teresa 2018,14.5,0.75,236.80,315.73333333333335,0.04592483108108108
0,Le Dôme 2018,14.5,0.75,237.86,317.1466666666667,0.04572017152947111
0,Camille Giroud Corton Les Renardes Grand Cru 2020,14.0,0.75,229.99,306.65333333333336,0.04565415887647289
0,Château Valandraud 2018,15.5,0.75,254.65,339.53333333333336,0.045650893383074806
0,Ployez-Jacquemart Liesse d´Harbonville Champagne Brut 2002,12.0,0.75,197.70,263.59999999999997,0.045523520485584223
0,Tua Rita Per Sempre Syrah 2015,15.0,0.75,248.32,331.0933333333333,0.045304445876288665
0,Vietti Barolo Lazzarito 2018,14.0,0.75,232.00,309.3333333333333,0.04525862068965517
0,Bollinger La Grande Année Champagne Brut 2014,12.0,0.75,198.99,265.32,0.045228403437358664
0,Charles Heidsieck Blanc des Millenaires Champagne Brut 2007,12.0,0.75,199.00,265.3333333333333,0.04522613065326633
0,Palmer & Co Collection Vintage Brut 1997,12.0,0.75,199.00,265.3333333333333,0.04522613065326633
0,Bollinger La Grande Année Champagne Brut Magnum 2014,12.0,1.5,398.98,265.9866666666667,0.04511504336056945
0,Billecart-Salmon Cuvée Nicolas Francois Champagne Brut 2008,12.5,0.75,207.99,277.32,0.045074282417423915
0,Amour de Deutz Champagne Brut 2013,12.0,0.75,199.99,266.65333333333336,0.04500225011250562
0,Leclerc Briant Cuvée Abyss Millésime Champagne Brut Zero 2017,12.0,0.75,199.99,266.65333333333336,0.04500225011250562
0,Boizel Joyau de France Champagne Brut 1995,12.0,0.75,199.99,266.65333333333336,0.04500225011250562
0,Billecart-Salmon Cuvée Elisabeth Salmon Rosé Champagne Brut 2009,12.5,0.75,210.00,280.0,0.044642857142857144
0,Magical Mango Kombucha luomu tölkki,0.5,0.33,3.71,11.242424242424242,0.0444743935309973
0,Lime Time Kombucha luomu tölkki,0.5,0.33,3.71,11.242424242424242,0.0444743935309973
0,Bass Phillip Premium Pinot Noir 2020,14.2,0.75,239.98,319.9733333333333,0.044378698224852076
0,Mortlach 21 Year Old Special Release 2020 Single Malt,56.9,0.7,899.99,1285.7,0.044256047289414326
0,Freedl Classic,0.5,0.33,3.80,11.515151515151514,0.04342105263157895
0,UNLTD IPA,0.5,0.33,3.80,11.515151515151514,0.04342105263157895
0,Jump Ship Flying Colours Pale Ale tölkki,0.5,0.33,3.80,11.515151515151514,0.04342105263157895
0,Jump Ship Stoker's Stout tölkki,0.5,0.33,3.80,11.515151515151514,0.04342105263157895
0,Freedl Calma,0.5,0.33,3.80,11.515151515151514,0.04342105263157895
0,To Øl Implosion tölkki,0.3,0.33,2.28,6.909090909090908,0.04342105263157895
0,Jump Ship Yardarm Lager tölkki,0.5,0.33,3.80,11.515151515151514,0.04342105263157895
0,Bruichladdich Rare Cask Series 1988 Single Malt 1988,46.2,0.7,744.81,1064.0142857142857,0.043420469649977846
0,Piper-Heidsieck Rare Millésime Champagne Brut 2008,12.0,0.75,208.99,278.65333333333336,0.04306426144791616
0,Dal Forno Romano Amarone della Valpolicella 2015,16.5,0.75,289.99,386.65333333333336,0.042673885306389873
0,Jump Ship Goosewing IPA tölkki,0.5,0.33,3.89,11.787878787878787,0.042416452442159386
0,Joseph Drouhin Clos de Vougeot Grand Cru 2016,13.5,0.75,238.99,318.65333333333336,0.042365789363571695
0,Jim Barry The Armagh Shiraz 2014,14.0,0.75,249.99,333.32,0.04200168006720269
0,Palmer & Co Grands Terroirs Champagne Brut Magnum 2003,12.0,1.5,429.00,286.0,0.04195804195804196
0,Saimaa Yes Yes Apple Dry Non-Alc tölkki,0.3,0.33,2.38,7.212121212121211,0.04159663865546219
0,Nozeco Fine Sparkling Rosé  Alcohol Free,0.4,0.75,7.29,9.72,0.0411522633744856
0,Nozeco Fine Sparkling Alcohol Free,0.4,0.75,7.29,9.72,0.0411522633744856
0,Laurent-Perrier Grand Siècle Champagne Brut Itération N°25,12.0,0.75,219.99,293.32,0.0409109504977499
0,Camille Giroud Clos de Vougeot Grand Cru 2019,13.5,0.75,250.00,333.3333333333333,0.0405
0,Palmer & Co Collection Vintage Champagne Brut Magnum 1999,12.0,1.5,449.00,299.3333333333333,0.0400890868596882
0,Gaja Barbaresco 2020,14.5,0.75,271.81,362.41333333333336,0.04000956550531621
0,Château La Mission Haut-Brion 2014,14.5,0.75,272.39,363.18666666666667,0.03992437314145159
0,Pommery Cuvée Louise Champagne Brut 2005,12.5,0.75,237.59,316.7866666666667,0.03945873142809041
0,Bruno Paillard Nec Plus Ultra Champagne Extra Brut 2008,12.0,0.75,228.33,304.44,0.039416633819471816
0,Quinta da Devesa Colheita Porto Tawny 1944,21.0,0.5,266.99,533.98,0.03932731562979887
0,Glenmorangie Grand Vintage 1996 Single Malt 1996,43.0,0.7,766.00,1094.2857142857144,0.039295039164490855
0,Inglenook Rubicon 2013,14.0,0.75,267.92,357.2266666666667,0.03919080322484324
0,Win-E Tempranillo,0.5,0.75,9.59,12.786666666666667,0.03910323253388947
0,Nittenauer Freie Liebe,0.5,0.33,4.22,12.787878787878787,0.03909952606635071
0,Le Petit Mouton de Mouton Rothschild 2016,13.5,0.75,260.11,346.81333333333333,0.03892583906808658
0,Trimbach Clos Ste Hune Riesling 2018,14.5,0.75,279.90,373.2,0.03885316184351554
0,Klokk & Co Gringo,0.5,0.33,4.25,12.878787878787879,0.03882352941176471
0,François Diligent Grande Oenothèque Vintage Champagne Brut Nature 1990,12.0,0.75,232.00,309.3333333333333,0.03879310344827586
0,Giuseppe Quintarelli Amarone della Valpolicella Classico 2015,16.5,0.75,320.57,427.4266666666667,0.0386031132046043
0,Svaneke Don't Worry Pale Ale,0.5,0.33,4.29,13.0,0.038461538461538464
0,Eminazero Tempranillo,0.5,0.75,9.91,13.213333333333333,0.03784056508577195
0,Zero Point Five Cabernet Sauvignon Alcohol Free,0.5,0.75,9.98,13.306666666666667,0.037575150300601205
0,Château Palmer 2011,13.5,0.75,275.61,367.48,0.03673669315336889
0,Boizel Joyau De France Champagne Brut 1996,12.0,0.75,245.00,326.6666666666667,0.03673469387755102
0,Château Bahans Haut-Brion 2005,13.5,0.75,278.22,370.96000000000004,0.03639206383437567
0,Klokk & Co Mango Fripa,0.5,0.33,4.55,13.787878787878787,0.03626373626373627
0,Ollenaut Kaineken IPA,0.5,0.33,4.57,13.84848484848485,0.03610503282275711
0,Ollenaut Kaineken Tikker,0.5,0.33,4.57,13.84848484848485,0.03610503282275711
0,Ollenaut Kaineken Suitsu Porter,0.5,0.33,4.57,13.84848484848485,0.03610503282275711
0,Õllenaut Kaineken Pale Ale,0.5,0.33,4.57,13.84848484848485,0.03610503282275711
0,Ollenaut Kaineken Pale Ale Citra,0.5,0.33,4.57,13.84848484848485,0.03610503282275711
0,Dom Pérignon Champagne Brut 2013,12.5,0.75,259.88,346.50666666666666,0.03607434200400185
0,Le Petit Mouton de Mouton Rothschild 2017,13.5,0.75,282.71,376.94666666666666,0.03581408510487779
0,Christophe Semaska Elixir d'Ariane Côte Rôtie 2015,14.5,0.75,304.00,405.3333333333333,0.03577302631578948
0,Vandestreek Playground Non Alcoholic Ipa,0.5,0.33,4.66,14.121212121212121,0.03540772532188841
0,Château Valandraud 2016,12.0,0.75,254.36,339.1466666666667,0.03538292184305708
0,Krug Grande Cuvée Champagne Brut,12.5,0.75,266.89,355.8533333333333,0.035126831278804005
0,Château Palmer 2013,12.0,0.75,256.34,341.78666666666663,0.035109620035889834
0,Nittenauer Lola Porter Coffee,0.5,0.33,4.71,14.272727272727272,0.03503184713375797
0,Nittenauer Le Chauffeur,0.5,0.33,4.71,14.272727272727272,0.03503184713375797
0,Yalumba The Caley Cabernet Shiraz 2012,14.0,0.75,299.98,399.97333333333336,0.03500233348889926
0,Vilmart & Cie Blanc de Blancs Les Blanches Voies Champagne Extra Brut 2012,12.5,0.75,268.00,357.3333333333333,0.03498134328358209
0,Domaine des Comtes Lafon Meursault-Porusots Premier Cru 2020,13.5,0.75,290.01,386.68,0.034912589221061344
0,Martini Vibrante,0.5,0.75,10.77,14.36,0.034818941504178275
0,Gosset Celebris Blanc de Blancs Champagne Brut 2012,12.0,0.75,260.00,346.6666666666667,0.03461538461538461
0,Álvaro Palacios Les Aubaguetes 2019,14.5,0.75,319.99,426.65333333333336,0.033985437044907654
0,Château Palmer 2014,13.5,0.75,299.17,398.8933333333334,0.03384363405421666
0,Tokaj-Hetszölö Aszú 6 Puttonyos Nagyszölö-Dülö 1er Cru 2017,12.0,0.5,177.77,355.54,0.033751476627102435
0,Nittenauer The Wit,0.5,0.33,4.90,14.84848484848485,0.033673469387755096
0,Clos Triguedina 1971,12.5,0.75,279.98,373.3066666666667,0.03348453460961497
0,Palmer & Co Collection Blanc de Blancs Brut 1985,12.0,0.75,269.00,358.6666666666667,0.03345724907063197
0,Château Valandraud 2010,15.0,0.75,340.80,454.40000000000003,0.03301056338028169
0,Enate Uno Chardonnay 2013,15.5,0.75,355.00,473.3333333333333,0.032746478873239435
0,Laurent Ponsot Corton-Charlemagne Grand Cru Cuvée du Kalimeris 2020,13.0,0.75,298.93,398.5733333333333,0.032616331582644764
0,Philipponnat Clos des Goisses Champagne Extra-Brut 2012,13.0,0.75,299.98,399.97333333333336,0.03250216681112074
0,Force Majeure Kriek,0.5,0.33,5.08,15.393939393939393,0.032480314960629926
0,Force Majeure Traditional Blond,0.5,0.33,5.08,15.393939393939393,0.032480314960629926
0,Force Majeure Tripel,0.5,0.33,5.08,15.393939393939393,0.032480314960629926
0,Tua Rita Redigaffi 2015,15.0,0.75,346.67,462.2266666666667,0.03245161104220152
0,Château Palmer 2012,13.5,0.75,312.10,416.1333333333334,0.032441525152194804
0,Teeling Whiskey Vintage Reserve Collection 30 Years Old Single Malt,46.0,0.7,994.99,1421.4142857142858,0.03236213429280696
0,Artadi Viña El Pison 2018,14.5,0.75,339.98,453.3066666666667,0.0319871757162186
0,Glenfarclas 35 Year Old Single Malt,43.0,0.7,948.42,1354.8857142857144,0.03173699415870606
0,E. Guigal Ex-Voto Ermitage Rouge 2017,14.5,0.75,343.95,458.59999999999997,0.03161796772786742
0,Kukko Pils Alkoholiton,0.3,0.33,3.14,9.515151515151516,0.031528662420382166
0,Dom Ruinart Blanc de Blancs Champagne Brut 2010,12.5,0.75,297.90,397.2,0.03147029204431017
0,Ipsus 2016,13.5,0.75,325.00,433.3333333333333,0.031153846153846153
0,Château L'Evangile 2017,14.5,0.75,350.91,467.88000000000005,0.030990852355304774
0,Carruades de Lafite 2017,12.5,0.75,303.84,405.11999999999995,0.030855055292259088
0,Ipsus Magnum 2015,13.5,1.5,659.00,439.3333333333333,0.030728376327769348
0,Vale D. Maria Colheita Port 1969,20.0,0.75,489.61,652.8133333333334,0.0306366291538163
0,Domaine Faiveley Corton Clos des Cortons Grand Cru Monopole 2017,13.0,0.75,323.98,431.97333333333336,0.030094450274708313
0,Palmer & Co Collection Blanc de Blancs Champagne Brut Magnum 1985,12.0,1.5,599.00,399.3333333333333,0.03005008347245409
0,Laurent-Perrier Alexandra Grande Cuvée Rosé Champagne Brut 2004,12.0,1.5,599.40,399.59999999999997,0.030030030030030033
0,Kehrwieder Coconut Groove Juicy Pale Ale,0.5,0.33,5.52,16.727272727272727,0.029891304347826088
0,Kehrwieder üNN IPA,0.5,0.33,5.52,16.727272727272727,0.029891304347826088
0,Kehrwieder Road Runner Coffee Stout,0.5,0.33,5.52,16.727272727272727,0.029891304347826088
0,Shafer Hillside Select 2018,15.5,0.75,389.99,519.9866666666667,0.029808456627093003
0,Le Petit Mouton de Mouton Rothschild 2018,13.0,0.75,328.36,437.81333333333333,0.029693019856255328
0,Château de Montifaud Héritage Louis Vallet L50,40.0,0.7,946.87,1352.6714285714286,0.029571113246802623
0,Ardbeg 25 Year Old Islay Single Malt,46.0,0.7,1089.89,1556.9857142857145,0.029544265935094363
0,Antinori Solaia 2020,14.0,0.75,362.00,482.6666666666667,0.029005524861878452
0,Vega-Sicilia Unico 2013,14.0,0.75,362.00,482.6666666666667,0.029005524861878452
0,Guigal Côte-Rôtie La Landonne 2016,13.5,0.75,349.98,466.64000000000004,0.028930224584261956
0,Guigal Côte-Rôtie La Turque 2016,13.5,0.75,349.98,466.64000000000004,0.028930224584261956
0,Guigal Côte-Rôtie La Mouline 2016,13.5,0.75,349.98,466.64000000000004,0.028930224584261956
0,Lignell & Piispanen Finna Lakka,0.5,0.75,12.98,17.30666666666667,0.028890600924499226
0,Mikkeller Henry Gose Lightly tölkki,0.3,0.33,3.47,10.515151515151516,0.028530259365994234
0,Mikkeller Drink'in the Sun tölkki,0.3,0.33,3.54,10.727272727272727,0.027966101694915254
0,Domaine Faiveley Grand Cru Corton-Charlemagne  2018,13.0,0.75,349.99,466.65333333333336,0.027857938798251377
0,Veuve Clicquot La Grande Dame Rosé Champagne Brut 2008,12.5,0.75,339.50,452.6666666666667,0.027614138438880706
0,Avignonesi Vin Santo di Montepulciano 2000,12.5,0.375,170.00,453.3333333333333,0.02757352941176471
0,Leclerc Briant Cuvée Abyss Rosé Champagne Brut Nature 2018,12.0,0.75,329.98,439.97333333333336,0.027274380265470632
0,Louis Roederer Cristal Champagne Brut 2015,12.0,0.75,329.98,439.97333333333336,0.027274380265470632
0,Philippe Pacalet Corton Bressandes Grand Cru 2019,13.0,0.75,359.50,479.3333333333333,0.027121001390820586
0,Château Palmer 2017,13.5,0.75,373.55,498.06666666666666,0.027104805246954893
0,Besserat de Bellefon Réserve Millésime Champagne Brut 1986,12.5,0.75,349.00,465.3333333333333,0.02686246418338109
0,HALOO! Alcohol Free,0.5,0.75,13.98,18.64,0.02682403433476395
0,Carruades de Lafite 2018,12.5,0.75,351.04,468.05333333333334,0.026706358249772105
0,Royal Salute 38yo Stone of Destiny,40.0,0.5,749.98,1499.96,0.026667377796741245
0,Laurent Ponsot Charmes-Chambertin Grand Cru Cuvée du Cyprès 2020,14.0,0.75,395.65,527.5333333333333,0.026538607354985467
0,Camille Giroud Charmes-Chambertin Grand Cru 2015,13.0,0.75,370.01,493.34666666666664,0.026350639171914273
0,Vega-Sicilia Unico Magnum 2011,14.0,1.5,800.00,533.3333333333334,0.02625
0,Müller-Catoir Herzog Rieslaner Trockenbeerenauslese 2018,6.0,0.375,85.86,228.96,0.02620545073375262
0,Armand de Brignac Gold Champagne Brut,12.5,0.75,359.97,479.96000000000004,0.026043836986415533
0,Laurent Ponsot Charmes-Chambertin Grand Cru Cuvée du Cyprès,13.5,0.75,393.95,525.2666666666667,0.025701231120700597
0,Giuseppe Quintarelli Alzero Cabernet 2007,16.5,0.75,485.29,647.0533333333334,0.02550021636547219
0,Laurent Ponsot Clos de Vougeot Grand Cru Cuvée du Cèdre 2018,14.0,0.75,416.63,555.5066666666667,0.025202217795165974
0,Glenfarclas 40 Year Old Single Malt,43.0,0.05,85.90,1718.0,0.025029103608847497
0,Bollinger R.D. Champagne Extra Brut 2008,12.5,0.75,379.00,505.3333333333333,0.02473614775725594
0,Château Haut-Brion 2014,14.5,0.75,443.50,591.3333333333334,0.02452085682074408
0,Laurent Ponsot Clos de Vougeot Grand Cru Cuvée du Cèdre 2019,13.5,0.75,415.50,554.0,0.024368231046931407
0,Château Palmer 2018,14.5,0.75,464.22,618.96,0.023426392658653223
0,Hennessy Paradis,40.0,0.7,1197.57,1710.8142857142857,0.023380679208731013
0,Glenfarclas The Family Cask 1982 Single Malt,52.4,0.7,1581.98,2259.9714285714285,0.023186133832286123
0,Philippe Pacalet Corton Charlemagne Grand Cru 2020,13.0,0.75,424.00,565.3333333333334,0.022995283018867923
0,Château La Mission Haut-Brion 2017,14.0,0.75,463.81,618.4133333333333,0.02263858045320282
0,Bollinger R.D. Champagne Extra Brut Magnum 2008,12.5,1.5,829.00,552.6666666666666,0.02261761158021713
0,Torbreck The Laird 2015,15.0,0.75,499.99,666.6533333333333,0.02250045000900018
0,Château La Mission Haut-Brion 2018,14.5,0.75,487.07,649.4266666666666,0.02232738620732133
0,Torbreck The Laird 2016,15.5,0.75,529.00,705.3333333333334,0.021975425330812853
0,Château Mouton Rothschild 2014,13.0,0.75,444.28,592.3733333333333,0.021945619879355362
0,Château Palmer 2016,13.5,0.75,463.83,618.4399999999999,0.021829118427009898
0,Vieux Château Certan 2000,13.0,0.75,449.99,599.9866666666667,0.021667148158847974
0,Highland Park 30 Year Old Single Malt,45.2,0.7,1499.07,2141.5285714285715,0.021106419313307586
0,Bibi Graetz Colore 2010,14.0,0.75,501.60,668.8000000000001,0.020933014354066984
0,Château La Mission Haut-Brion Rouge 2015,15.0,0.75,552.79,737.0533333333333,0.02035130881528248
0,Penfolds Bin 707 Cabernet Sauvignon 2019,14.5,0.75,549.70,732.9333333333334,0.019783518282699652
0,Laurent Ponsot Griotte-Chambertin Grand Cru Cuvée du Saule 2018,14.5,0.75,562.37,749.8266666666667,0.019337802514358873
0,Château Cheval Blanc 2013,13.0,0.75,506.50,675.3333333333334,0.0192497532082922
0,Biondi-Santi Brunello di Montalcino Riserva 2013,13.5,0.75,529.98,706.64,0.019104494509226765
0,Penfolds Superblend 802.B. 2018,14.5,0.75,569.99,759.9866666666667,0.019079282092668293
0,Eisele Vineyard Cabernet Sauvignon 2018,15.0,0.75,594.03,792.04,0.018938437452653906
0,Bollinger R.D. Champagne Extra Brut Jeroboam 2008,12.5,3.0,1998.00,666.0,0.01876876876876877
0,Chateau Angelus 2015,15.0,0.75,599.95,799.9333333333334,0.018751562630219182
0,Armand de Brignac Rosé Champagne Brut,12.5,0.75,510.00,680.0,0.01838235294117647
0,Château d'Yquem 2020,14.5,0.75,598.03,797.3733333333333,0.018184706452853534
0,Camille Giroud Chambertin Grand Cru 2020,14.5,0.75,610.00,813.3333333333334,0.017827868852459017
0,Chateau Angelus 2007,13.5,0.75,569.65,759.5333333333333,0.01777407179847275
0,Château La Mission Haut-Brion 2016,14.0,0.75,644.47,859.2933333333334,0.016292457368069887
0,Château Haut-Brion 2015,15.0,0.75,705.88,941.1733333333333,0.015937553125177084
0,Louis Roederer Cristal Rosé Champagne Brut 2013,12.0,0.75,568.98,758.64,0.015817779183802595
0,Kopparberg Cider With Strawberry & Lime Alkoholiton tölkki,0.1,0.5,3.17,6.34,0.01577287066246057
0,Kopparberg Pear Cider Light Alkoholiton tölkki,0.1,0.5,3.17,6.34,0.01577287066246057
0,Kopparberg Cider Cranberry Alkoholiton tölkki,0.1,0.5,3.17,6.34,0.01577287066246057
0,Château Haut-Brion 2017,14.0,0.75,667.92,890.56,0.015720445562342797
0,Hundred Acre Napa Valley Ark Vineyard Cabernet Sauvignon 2018,15.5,0.75,741.26,988.3466666666667,0.01568275638777217
0,ROTI G,0.5,0.5,15.99,31.98,0.015634771732332707
0,Château Mouton Rothschild 2017,13.5,0.75,667.92,890.56,0.01515900107797341
0,Penfolds Grange 2016,14.5,0.75,719.90,959.8666666666667,0.015106264758994304
0,Penfolds Grange 2017,14.5,0.75,719.90,959.8666666666667,0.015106264758994304
0,Penfolds Grange 2019,14.5,0.75,724.99,966.6533333333333,0.015000206899405509
0,Penfolds Grange 2018,14.5,0.75,724.99,966.6533333333333,0.015000206899405509
0,Louis Roederer Cristal Champagne Brut Magnum 2008,12.0,1.5,1199.99,799.9933333333333,0.015000125001041675
0,Henschke Hill of Grace 2007,13.0,0.75,674.99,899.9866666666667,0.014444658439384287
0,Kopparberg Cider Rosé Alkoholiton tölkki,0.1,0.33,2.30,6.969696969696969,0.014347826086956525
0,Kopparberg Cider With Blueberry & Lime Alkoholiton tölkki,0.1,0.33,2.30,6.969696969696969,0.014347826086956525
0,Hundred Acre Wraith Napa Valley Cabernet Sauvignon 2018,15.5,0.75,822.95,1097.2666666666667,0.014126010085667415
0,Château Haut-Brion 2018,14.5,0.75,781.71,1042.28,0.01391180872702153
0,Château Mouton Rothschild 2015,13.5,0.75,735.75,981.0,0.013761467889908258
0,The Macallan 25 Years Old Single Malt 2022 Release,43.0,0.7,2199.99,3142.842857142857,0.01368188037218351
0,Hundred Acre Dark Ark Napa Valley Cabernet Sauvignon 2018,15.5,0.75,857.99,1143.9866666666667,0.01354910896397394
0,ISH Caribbean Spiced,0.5,0.35,12.94,36.971428571428575,0.013523956723338485
0,Château Mouton Rothschild 2018,14.0,0.75,781.71,1042.28,0.013432091184710443
0,Château Margaux 2018,14.0,0.75,781.71,1042.28,0.013432091184710443
0,Château Lafite Rothschild 2017,12.5,0.75,700.38,933.84,0.013385590679345498
0,Bass Phillip Reserve Pinot Noir 2020,14.0,0.75,799.98,1066.64,0.013125328133203329
0,Château Haut-Brion 2016,14.0,0.75,803.84,1071.7866666666666,0.013062300955414012
0,ISH Mexican Agave 0,0.5,0.5,19.59,39.18,0.012761613067891782
0,Château Mouton Rothschild 2016,13.5,0.75,804.08,1072.1066666666668,0.012592030643717042
0,Clos de Tart Grand Cru Monopole 2020,14.0,0.75,868.20,1157.6000000000001,0.012093987560469937
0,Lagavulin 26 Year Old Special Release Single Malt,44.2,0.7,2659.99,3799.985714285714,0.011631622675273217
0,Château Cheval Blanc 2016,14.0,0.75,917.04,1222.72,0.01144988222978278
0,Château Lafite Rothschild 2018,13.5,0.75,898.71,1198.28,0.011266148145675468
0,Muri Nuala 2021,0.4,0.75,27.79,37.053333333333335,0.010795250089960417
0,Château Cheval Blanc 2018,14.5,0.75,1007.96,1343.9466666666667,0.010789118615818088
0,Lyre's Spiced Cane Spirit,0.5,0.7,34.34,49.057142857142864,0.01019219569015725
0,Lyre's Apéritif Rosso,0.5,0.7,34.34,49.057142857142864,0.01019219569015725
0,Lyre's Dark Cane Spirit,0.5,0.7,34.34,49.057142857142864,0.01019219569015725
0,Lyre's Orange Sec,0.5,0.7,34.34,49.057142857142864,0.01019219569015725
0,Lyre's Apéritif Dry,0.5,0.7,34.34,49.057142857142864,0.01019219569015725
0,Lyre's American Malt,0.5,0.7,34.34,49.057142857142864,0.01019219569015725
0,Lyre's Italian Orange,0.5,0.7,34.34,49.057142857142864,0.01019219569015725
0,Lyre's Italian Spritz,0.5,0.7,34.34,49.057142857142864,0.01019219569015725
0,Lyre's White Cane Spirit,0.5,0.7,34.34,49.057142857142864,0.01019219569015725
0,Lyre's Dry London Spirit,0.5,0.7,34.34,49.057142857142864,0.01019219569015725
0,Lyre's Pink London Spirit,0.5,0.7,34.34,49.057142857142864,0.01019219569015725
0,Lyre's Amaretti,0.5,0.7,34.34,49.057142857142864,0.01019219569015725
0,Lyre's Coffee Originale,0.5,0.7,34.34,49.057142857142864,0.01019219569015725
0,Domaine Trapet Chambertin Grand Cru 2020,13.0,0.75,966.00,1288.0,0.010093167701863354
0,Havana Club Maximo,40.0,0.5,1999.99,3999.98,0.010000050000250001
0,Frapin Plume Cognac,40.0,0.7,2800.00,4000.0000000000005,0.009999999999999998
0,Promontory 2017,14.5,0.75,1149.79,1533.0533333333333,0.009458248897624784
0,Valduero Gran Reserva 12 Anos 2001,14.0,0.75,1183.68,1578.24,0.008870640713706407
0,Château Lafite Rothschild 2010,13.0,0.75,1151.88,1535.8400000000001,0.00846442337743515
0,Samalens Bas-Armagnac Millésime 1888,42.0,0.7,3499.90,4999.857142857143,0.00840024000685734
0,Rémy Martin Louis XIII,40.0,0.7,3590.00,5128.571428571429,0.007799442896935932
0,Domaine Anne-Francoise Gros Richebourg Grand Cru 2020,13.5,0.75,1349.99,1799.9866666666667,0.007500055555967081
0,Château Lafite Rothschild 2014,12.5,0.75,1250.00,1666.6666666666667,0.0075
0,The Macallan Double Cask 30 Years Old Single Malt 2022 Release,43.0,0.7,4050.99,5787.128571428571,0.007430282474160638
0,Bollinger La Côte Aux Enfants Champagne Brut 2013,12.5,0.75,1399.00,1865.3333333333333,0.006701215153681201
0,Château Lafite Rothschild 2005,13.0,0.75,1492.00,1989.3333333333333,0.00653485254691689
0,The Macallan Sherry Oak 30 Year Old 2023 Release Single Malt,43.0,0.7,5423.99,7748.557142857143,0.005549420260730569
0,Petrus 2019,14.5,0.75,2087.28,2783.0400000000004,0.005210129929860871
0,The Macallan M Copper 2023 Release Single Malt,42.0,0.7,7375.00,10535.714285714286,0.003986440677966102
0,The Glenrothes 42 Year Old Single Malt,43.0,0.7,7669.99,10957.128571428571,0.003924385820581252
0,Château d'Yquem 1925,12.5,0.75,2990.00,3986.6666666666665,0.0031354515050167225
0,Krug Clos d'Ambonnay Blanc de Noirs Champagne Brut 2000,12.5,0.75,3045.46,4060.6133333333332,0.00307835269548771
0,Hardy L'Automne Lalique,41.0,0.7,10000.00,14285.714285714286,0.0028699999999999997
0,Chateau de Bligny X Theo Fabergé 6 Cépages Champagne Brut Nature 2013,12.0,0.75,5000.00,6666.666666666667,0.0018
0,Grand Vin de Château Latour 1926,12.5,0.75,5990.00,7986.666666666667,0.0015651085141903172
0,Leitz Eins-Zwei-Zero Sparkling Rose Alcohol Free tölkki,0.0,0.25,2.96,11.84,0.0
0,Henkell Alkoholfrei Sparkling Blanc,0.0,0.75,6.66,8.88,0.0
0,Nokian Italian Spritz Mocktail tölkki,0.0,0.33,2.12,6.424242424242424,0.0
0,Somersby Apple 0,0.0,0.33,2.12,6.424242424242424,0.0
0,The Good Cider of San Sebastian Apple,0.0,0.33,2.36,7.1515151515151505,0.0
0,Le Sirop de Monin Gingerbread,0.0,0.25,9.48,37.92,0.0
0,Eden Mill Love Gin & Rose Lemonade Mocktail tölkki,0.0,0.25,3.36,13.44,0.0
0,Lagrima Arctica Kuusenkerkkä,0.0,0.75,10.25,13.666666666666666,0.0
0,Fentimans Connoisseurs Tonic Water,0.0,0.5,3.59,7.18,0.0
0,Le Sirop de Monin Pumpkin Spice,0.0,0.7,20.26,28.942857142857147,0.0
0,Thomas Henry Tonic Water,0.0,0.75,5.99,7.986666666666667,0.0
0,Le Sirop de Monin Lime Citron Vert,0.0,0.7,20.26,28.942857142857147,0.0
0,McGuigan Zero Chardonnay,0.0,0.75,8.00,10.666666666666666,0.0
0,Bavaria IPA 0,0.0,0.33,1.71,5.181818181818182,0.0
0,Le Sirop de Monin Orange Spritz,0.0,0.7,20.26,28.942857142857147,0.0
0,Crisp Vaalea Lager tölkki,0.0,0.33,1.52,4.6060606060606055,0.0
0,Karhun Puutarhan Mansikkakuohu,0.0,0.75,15.42,20.56,0.0
0,Riffel Zero Riesling Alcohol Free,0.0,0.75,14.98,19.973333333333333,0.0
0,Happy Joe Alcohol Free Dry Apple,0.0,0.275,2.29,8.327272727272726,0.0
0,Le Sirop de Monin Green Apple,0.0,0.7,19.45,27.785714285714285,0.0
0,Gracioso Hugo Alkoholfrei,0.0,0.75,6.01,8.013333333333334,0.0
0,S.Pellegrino,0.0,0.25,1.29,5.16,0.0
0,San Miguel Radler 0,0.0,0.33,1.98,6.0,0.0
0,Vellamo Natural Mineral Water Still,0.0,0.75,5.19,6.920000000000001,0.0
0,Willimaku Mesiangervo Kuohujuoma,0.0,0.75,17.47,23.293333333333333,0.0
0,Le Sirop de Monin Peach Tea,0.0,0.7,20.26,28.942857142857147,0.0
0,ÖUN Rhubarb Lemonade Organic tölkki,0.0,0.33,2.98,9.03030303030303,0.0
0,Alko Välivesi muovipullo,0.0,0.33,1.29,3.909090909090909,0.0
0,Vintense Terra Australis Alcohol Free,0.0,0.75,12.71,16.94666666666667,0.0
0,Krombacher Pils Non-Alcoholic,0.0,0.33,1.89,5.727272727272727,0.0
0,Night Orient Spritz,0.0,0.75,7.68,10.24,0.0
0,Vintense Les Galets Alcohol Free,0.0,0.75,12.99,17.32,0.0
0,Ambar 0,0.0,0.33,2.50,7.575757575757575,0.0
0,Heineken 0.0 Alcohol Free,0.0,0.33,1.95,5.909090909090908,0.0
0,Raparperikuohu,0.0,0.75,14.87,19.826666666666664,0.0
0,Vierulan mansikkakuohu,0.0,0.75,15.42,20.56,0.0
0,Vintense Fines Bulles Blanc,0.0,0.2,3.97,19.85,0.0
0,Jarritos Mexican Cola,0.0,0.37,2.36,6.378378378378378,0.0
0,Seedlip Garden 108,0.0,0.7,19.99,28.557142857142857,0.0
0,Shake-It Mixer Grenadine,0.0,0.5,9.24,18.48,0.0
0,Shake-It Mixer Passion Fruit,0.0,0.5,9.58,19.16,0.0
0,Galipette Non-Alc,0.0,0.33,2.70,8.181818181818182,0.0
0,Shake-It Mixer Lime,0.0,0.5,9.24,18.48,0.0
0,Poikain Parhaat Sour Omenalimonaadi,0.0,0.33,3.16,9.575757575757576,0.0
0,Kaino Drinks Blackcurrant Leaf Organic Sparkling Drink,0.0,0.75,13.92,18.56,0.0
0,Sangre de Toro 0,0.0,0.75,8.49,11.32,0.0
0,Zéra Chardonnay Sparkling 0,0.0,0.375,7.50,20.0,0.0
0,Nachschlag no Bubbles,0.0,0.75,14.84,19.786666666666665,0.0
0,Torres Natureo Rosé 2020,0.0,0.375,5.49,14.64,0.0
0,Nokian Mojito Mocktail tölkki,0.0,0.33,2.12,6.424242424242424,0.0
0,Öfvergårds Zonga 2021 viinipussi,0.0,3.0,18.02,6.006666666666667,0.0
0,Schweppes Russchian muovipullo,0.0,1.5,4.59,3.06,0.0
0,Vellamo Natural Mineral Water,0.0,0.5,4.04,8.08,0.0
0,Le Sirop de Monin Rasberry,0.0,0.7,19.45,27.785714285714285,0.0
0,Poikain Parhaat Sour Raparperilimonaadi,0.0,0.33,3.16,9.575757575757576,0.0
0,Vintense Fines Bulles Rosé,0.0,0.75,8.62,11.493333333333332,0.0
0,Guinness 0,0.0,0.44,3.19,7.25,0.0
0,Fentimans Pink Grapefruit Tonic Water,0.0,0.2,2.12,10.6,0.0
0,Thomas Henry Ginger Beer,0.0,0.2,2.11,10.549999999999999,0.0
0,Poikain Parhaat Aurora Juhlakuohu,0.0,0.2,5.25,26.25,0.0
0,Vilarnau Organic Alcohol Free 0%,0.0,0.75,8.98,11.973333333333334,0.0
0,San Pellegrino Naturali Aranciata tölkki,0.0,0.33,2.38,7.212121212121211,0.0
0,Oddbird Spumante,0.0,0.75,11.65,15.533333333333333,0.0
0,1st Winner Lakka Seljankukka,0.0,0.75,14.06,18.746666666666666,0.0
0,Le Sirop de Monin Amaretto,0.0,0.25,9.48,37.92,0.0
0,Say Alcohol Free Seltzer Lime Mint tölkki,0.0,0.33,1.22,3.696969696969697,0.0
0,Vintense Chardonnay,0.0,0.75,8.94,11.92,0.0
0,Le Sirop de Monin Chai Tea,0.0,0.7,20.26,28.942857142857147,0.0
0,La Ribaude Jus de Pommes Artisanal Petillant Biologique,0.0,0.75,7.99,10.653333333333334,0.0
0,Vuokatin Viini Kuohuva Valkoherukkajuoma,0.0,0.75,11.72,15.626666666666667,0.0
0,Vellamo Natural Mineral Water Sparkling,0.0,0.5,4.04,8.08,0.0
0,Lime Kombucha sokeriton tölkki,0.0,0.33,3.72,11.272727272727273,0.0
0,Pago Premium Fruit Orange,0.0,0.2,1.60,8.0,0.0
0,Vellamo Natural Mineral Water Still muovipullo,0.0,0.33,2.01,6.09090909090909,0.0
0,Kronenbourg 1664 Blanc 0,0.0,0.33,1.98,6.0,0.0
0,Ceder's Crisp Non Alcoholic Distillate,0.0,0.5,20.56,41.12,0.0
0,Le Sirop de Monin Salted Caramel,0.0,0.7,19.45,27.785714285714285,0.0
0,Thomas Henry Wild Berry,0.0,0.75,5.99,7.986666666666667,0.0
0,Fentimans Premium Indian Tonic Water,0.0,0.2,2.05,10.249999999999998,0.0
0,Nature Paavola Kuohu Mahla Raparperi-mesiangervo,0.0,0.75,24.47,32.626666666666665,0.0
0,Vilarnau Organic Rose Alcohol Free 0%,0.0,0.75,8.98,11.973333333333334,0.0
0,Dr. Loosen Riesling Sparkling Alcohol-Free,0.0,0.75,11.99,15.986666666666666,0.0
0,Fever-Tree Ginger Beer,0.0,0.2,2.30,11.499999999999998,0.0
0,Schweppes Ginger Ale tölkki,0.0,0.33,1.69,5.121212121212121,0.0
0,Le Sirop de Monin Vanilla sugar free,0.0,0.7,19.60,28.000000000000004,0.0
0,Poikain Parhaat Halla Juhlaglögi,0.0,0.5,7.36,14.72,0.0
0,Lehtikuohu,0.0,0.75,14.39,19.186666666666667,0.0
0,Le Sirop de Monin Lemon Tea,0.0,0.7,20.26,28.942857142857147,0.0
0,Schweppes Indian Tonic Water muovipullo,0.0,1.5,4.59,3.06,0.0
0,Stone's Ginger Joe Non-Alcoholic,0.0,0.33,2.61,7.909090909090908,0.0
0,Bavaria Wit Non-Alcoholic,0.0,0.33,1.49,4.515151515151515,0.0
0,Poikain Parhaat Limonaadi Omena,0.0,0.33,3.16,9.575757575757576,0.0
0,Le Sirop de Monin Grenadine,0.0,0.7,19.45,27.785714285714285,0.0
0,Le Sirop de Monin Mango,0.0,0.7,19.45,27.785714285714285,0.0
0,543210 Karpalo-Maarianheinäkuohuviini,0.0,0.75,14.79,19.72,0.0
0,Le Sirop de Monin Blue Curacao,0.0,0.25,8.35,33.4,0.0
0,Sihinä Kupliva Puolukkakuohari,0.0,0.75,13.70,18.266666666666666,0.0
0,d'Artigny Cuvée Prestige Chardonnay,0.0,0.75,7.38,9.84,0.0
0,Fever-Tree Raspberry &Rhubarb Tonic Water,0.0,0.5,5.18,10.36,0.0
0,Kolonne/Null Riesling Alc Frei 2019,0.0,0.75,16.00,21.333333333333332,0.0
0,Le Sirop de Monin Bubble Gum,0.0,0.7,16.96,24.22857142857143,0.0
0,Le Sirop de Monin Muscovado Sugar,0.0,0.7,20.26,28.942857142857147,0.0
0,Le Sirop de Monin Irish,0.0,0.25,9.85,39.4,0.0
0,Vera Aperitivø Classicø,0.0,0.5,24.83,49.66,0.0
0,Poikain Parhaat Metsä Juhlakuohu Mustikka & Kuusenkerkkä,0.0,0.2,5.18,25.9,0.0
0,Le Sirop de Monin Elderflower,0.0,0.7,19.45,27.785714285714285,0.0
0,Mionetto 0,0.0,0.2,3.58,17.9,0.0
0,Cortese Aranciata Rossa,0.0,0.275,3.89,14.145454545454545,0.0
0,Bella Ella Rosé Zero,0.0,0.75,6.12,8.16,0.0
0,Halsuan Viinitila Everstin Poreileva Lehtijuoma,0.0,0.75,18.16,24.213333333333335,0.0
0,Torres Natureo Muscat 2021,0.0,0.75,9.10,12.133333333333333,0.0
0,Shake-It Mixer Sugar Cane,0.0,0.5,9.24,18.48,0.0
0,Le Sirop de Monin Mojito Mint,0.0,0.7,20.26,28.942857142857147,0.0
0,Leitz Eins-Zwei-Zero Riesling Alcohol Free,0.0,0.75,9.98,13.306666666666667,0.0
0,Le Sirop de Monin Chocolate,0.0,0.25,9.48,37.92,0.0
0,Muri Passing Clouds 2021,0.0,0.75,27.79,37.053333333333335,0.0
0,Öun Rhubarb-Spruce Non Alcoholic Sparkling Celebration Drink,0.0,0.75,8.98,11.973333333333334,0.0
0,Nokian Cosmopolitan Mocktail tölkki,0.0,0.33,2.12,6.424242424242424,0.0
0,Vintense ICE Bellini,0.0,0.75,7.58,10.106666666666667,0.0
0,Le Sirop de Monin Rantcho Lemon,0.0,0.7,11.64,16.62857142857143,0.0
0,Franklin & Sons Sicilian Lemon Tonic,0.0,0.2,1.49,7.449999999999999,0.0
0,Schweppes Indian Tonic Water tölkki,0.0,0.33,1.57,4.757575757575758,0.0
0,Freixenet 0.0% Low Calorie Rosé,0.0,0.75,7.49,9.986666666666666,0.0
0,Välivesi Greippi muovipullo,0.0,0.33,1.49,4.515151515151515,0.0
0,Kaino Drinks Rhubarb & Rose Organic Sparkling Drink,0.0,0.75,13.92,18.56,0.0
0,Leitz Eins-Zwei-Zero Sparkling Riesling Alcohol Free tölkki,0.0,0.25,2.96,11.84,0.0
0,Colonnara Icemary Organic Sparkling,0.0,0.75,9.89,13.186666666666667,0.0
0,Fluère,0.0,0.7,28.34,40.48571428571429,0.0
0,Crowmoor White Crow tölkki,0.0,0.33,1.89,5.727272727272727,0.0
0,Karhu 0,0.0,0.33,1.59,4.818181818181818,0.0
0,Poikain Parhaat Niitty Juhlakuohu,0.0,0.2,5.25,26.25,0.0
0,Schweppes Pink Tonic tölkki,0.0,0.33,1.57,4.757575757575758,0.0
0,Poikain Parhaat Saaga Juhlakuohu,0.0,0.2,5.25,26.25,0.0
0,Corvers-Kauter R3 Rhein Riesling Remastered Zero 2022,0.0,0.75,9.10,12.133333333333333,0.0
0,Torres Natureo Sparkling Semi Seco,0.0,0.75,9.00,12.0,0.0
0,Undone No. 8 This is Not Vermouth,0.0,0.7,24.26,34.65714285714286,0.0
0,Poikain Parhaat Red Social Drink,0.0,0.75,11.10,14.799999999999999,0.0
0,Le Sirop de Monin Caramel Sugar Free,0.0,0.7,17.42,24.88571428571429,0.0
0,SanPellegrino Naturali Aranciata Rossa tölkki,0.0,0.33,2.36,7.1515151515151505,0.0
0,A Le Coq Long Drink Grapefruit Alcohol-free tölkki,0.0,0.33,2.10,6.363636363636363,0.0
0,Lapin Kulta 0,0.0,0.33,1.45,4.393939393939394,0.0
0,Poikain Parhaat Sour Mansikka-Limelimonaadi,0.0,0.33,3.16,9.575757575757576,0.0
0,Freixenet Low Calorie White Blend 0.0%,0.0,0.75,7.49,9.986666666666666,0.0
0,SanPellegrino Naturali Pompelmo tölkki,0.0,0.33,2.36,7.1515151515151505,0.0
0,Shake-It Mixer Strawberry,0.0,0.5,9.24,18.48,0.0
0,Le Sirop de Monin Vanilla,0.0,0.7,19.45,27.785714285714285,0.0
0,Aldea Frizzante Rosé 0,0.0,0.75,13.17,17.56,0.0
0,Poikain Parhaat Limonaadi Puolukka,0.0,0.33,3.16,9.575757575757576,0.0
0,Vintense Sauvignon Alcohol Free,0.0,0.75,11.61,15.479999999999999,0.0
0,Niemelän Mansikkakuohu,0.0,0.75,14.88,19.84,0.0
0,Henkell Sparkling Rosé Alcoholfree,0.0,0.75,6.66,8.88,0.0
0,Le Sirop de Monin Ginger,0.0,0.7,16.96,24.22857142857143,0.0
0,Välivesi Puolukka muovipullo,0.0,0.33,1.29,3.909090909090909,0.0
0,Poikain Parhaat Joululimonaadi,0.0,0.33,3.16,9.575757575757576,0.0
0,ÖUN Gooseberry Lemonade Organic tölkki,0.0,0.33,2.98,9.03030303030303,0.0
0,Hartwall Tonic Water,0.0,0.3,1.41,4.7,0.0
0,Fentimans Rose Lemonade,0.0,0.275,2.95,10.727272727272727,0.0
0,Bottega 0° Rosé,0.0,0.75,8.45,11.266666666666666,0.0
0,Van Nahmen Sparkling Juicy Tea White Tea-Tahiti Vanilla-Quince,0.0,0.75,18.70,24.933333333333334,0.0
0,Van Nahmen Sparkling Juicy Tea Rose-Darjeeling Rhababer,0.0,0.75,18.70,24.933333333333334,0.0
0,Kaino Drinks Spruce Sprout Organic Sparkling Drink,0.0,0.75,13.92,18.56,0.0
0,Corsaro Aperitivo,0.0,1.0,13.34,13.34,0.0
0,Coca-Cola,0.0,0.25,1.64,6.56,0.0
0,Strauch Blanc Pur Bio Alkoholfrei,0.0,0.75,17.80,23.733333333333334,0.0
0,Opia Chardonnay Sparkling Organic Alcohol Free,0.0,0.75,6.99,9.32,0.0
0,Mustikkakuohu,0.0,0.75,15.01,20.013333333333332,0.0
0,Le Sirop de Monin Caramel,0.0,0.7,16.96,24.22857142857143,0.0
0,Llopart Most Flor 2020,0.0,0.5,9.96,19.92,0.0
0,Oddbird Blanc de Blancs,0.0,0.75,12.91,17.213333333333335,0.0
0,Vintense Cabernet Sauvignon,0.0,0.75,11.68,15.573333333333332,0.0
0,Seedlip Spice 94,0.0,0.7,19.99,28.557142857142857,0.0
0,Poikain Parhaat Vaalea Kuohuva Juhlaglögi 0,0.0,0.75,13.92,18.56,0.0
0,Teerenpeli Premium Tonic vesi,0.0,0.33,3.56,10.787878787878787,0.0
0,Pramia Sangria 0,0.0,0.75,3.89,5.1866666666666665,0.0
0,Poikain Parhaat Tumma Kuohuva Juhlaglögi 0,0.0,0.75,13.92,18.56,0.0
0,Fentimans Ginger Ale,0.0,0.2,2.12,10.6,0.0
0,Bonaqua Vichy muovipullo,0.0,0.5,2.10,4.2,0.0
0,Borjomi Georgian Mineral Water,0.0,0.5,2.65,5.3,0.0
0,Tsingtao Alcohol Free Lager,0.0,0.33,1.57,4.757575757575758,0.0
0,Shake-It Mixer Mango,0.0,0.5,9.24,18.48,0.0
0,Stone's Ginger Joe Pear Non-Alcoholic,0.0,0.33,2.61,7.909090909090908,0.0
0,Aldea Frizzante White Muscat,0.0,0.75,13.14,17.52,0.0
0,Copenhagen Sparkling Tea BLÅ,0.0,0.75,22.21,29.613333333333333,0.0
0,Jarritos Lime,0.0,0.37,2.36,6.378378378378378,0.0
0,Freixenet 0.0% Low Calorie Rose Sparkling,0.0,0.2,2.99,14.950000000000001,0.0
0,Freixenet 0.0% Alcohol Free Sparkling Rosé,0.0,0.75,6.99,9.32,0.0
0,Le Sirop de Monin White Chocolate,0.0,0.7,16.96,24.22857142857143,0.0
0,Thomas Henry Cherry Blossom Tonic,0.0,0.2,1.99,9.95,0.0
0,Corona Cero,0.0,0.33,1.79,5.424242424242424,0.0
0,Schweppes Bitter Lemon tölkki,0.0,0.33,1.57,4.757575757575758,0.0
0,Estrella Damm N.A. tölkki,0.0,0.33,1.56,4.7272727272727275,0.0
0,Original Long Drink Orange 0,0.0,0.33,2.19,6.636363636363636,0.0
0,Källarbacken Mousserande Jordgubbsdryck,0.0,0.75,6.73,8.973333333333334,0.0
0,Clausthaler Lemon Non-Alcoholic,0.0,0.33,1.98,6.0,0.0
0,Sihinä Kupliva Raparperikuohari,0.0,0.75,15.98,21.30666666666667,0.0
0,Pommac Brut  2022,0.0,0.75,4.39,5.853333333333333,0.0
0,Heineken 0.0 tölkki,0.0,0.33,1.78,5.393939393939394,0.0
0,Gordon's Alcohol Free 0.0 %,0.0,0.7,19.99,28.557142857142857,0.0
0,Pure Tonic,0.0,0.2,3.75,18.75,0.0
0,Vintense Syrah Alcohol Free,0.0,0.75,10.41,13.88,0.0
0,Freixenet Low CalorieRed Blend  0.0%,0.0,0.75,7.49,9.986666666666666,0.0
0,Vintense Prestige Blanc de Blanc 0,0.0,0.75,14.70,19.599999999999998,0.0
0,Shake-It Mixer Blue Curacao,0.0,0.5,9.58,19.16,0.0
0,San Pellegrino Naturali Limonata tölkki,0.0,0.33,2.38,7.212121212121211,0.0
0,Aldea Tempranillo 0,0.0,0.75,8.84,11.786666666666667,0.0
0,Le Sirop de Monin Strawberry,0.0,0.7,19.45,27.785714285714285,0.0
0,Fever-Tree Premium Indian Tonic Water,0.0,0.2,2.13,10.649999999999999,0.0
0,Le Sirop de Monin Hazelnut,0.0,0.7,19.45,27.785714285714285,0.0
0,Le Sirop de Monin Agave,0.0,0.7,27.55,39.35714285714286,0.0
0,Fever-Tree Light Indian Tonic Water,0.0,0.5,5.17,10.34,0.0
0,San Pellegrino muovipullo,0.0,0.5,2.39,4.78,0.0
0,Tertin Kartano Ruusukuohu 2023,0.0,0.75,16.48,21.973333333333333,0.0
0,Le Sirop de Monin Chocolate Cookie,0.0,0.25,9.85,39.4,0.0
0,Zéra Sauvignon Blanc,0.0,0.375,5.48,14.613333333333335,0.0
0,Silhouet 0,0.0,0.75,9.00,12.0,0.0
0,Cortese Chinotto,0.0,0.275,3.89,14.145454545454545,0.0
0,Mionetto Alcohol Free Sparkling,0.0,0.75,7.29,9.72,0.0
0,Nokian Strawberry Margarita Mocktail tölkki,0.0,0.33,1.74,5.2727272727272725,0.0
0,Pizzolato Alcohol Free Sparkling,0.0,0.2,4.49,22.45,0.0
0,Ceder's Classic Non Alcoholic Distillate,0.0,0.5,20.56,41.12,0.0
0,Poikain Parhaat Suomi Juhlaglögi,0.0,0.5,7.39,14.78,0.0
0,Freixenet 0,0.0,0.2,2.99,14.950000000000001,0.0
0,Viva Valentina Zero Organic,0.0,0.75,9.40,12.533333333333333,0.0
0,Heim Bouquet Alkoholfrei,0.0,0.75,8.21,10.946666666666667,0.0
0,Copenhagen Sparkling Tea LYSERØD,0.0,0.75,22.21,29.613333333333333,0.0
0,Poikain Parhaat Korpi Juhlaglögi,0.0,0.5,7.39,14.78,0.0
0,Tropic Dream Strawberry Daiquiri kartonkitölkki,0.0,1.0,3.29,3.29,0.0
0,Poikain Parhaat Limonaadi Mustaherukka,0.0,0.33,3.16,9.575757575757576,0.0
0,Magners Alcohol Free,0.0,0.33,2.08,6.303030303030303,0.0
0,Warsteiner Premium Fresh,0.0,0.33,1.87,5.666666666666667,0.0
0,Schweppes Russchian tölkki,0.0,0.33,1.57,4.757575757575758,0.0
0,Ceder's Wild Non Alcoholic Distillate,0.0,0.5,20.56,41.12,0.0
0,Poikain Parhaat White Social Drink,0.0,0.75,10.40,13.866666666666667,0.0
0,Torres Natureo Garnacha Syrah 2021,0.0,0.375,5.69,15.173333333333334,0.0
0,Le Sirop de Monin Roasted Hazelnut,0.0,0.7,19.45,27.785714285714285,0.0
0,Vierulan vadelmakuohu,0.0,0.2,7.63,38.15,0.0
0,Le Sirop de Monin Cucumber,0.0,0.7,19.45,27.785714285714285,0.0
0,Cortese Limonata,0.0,0.275,3.89,14.145454545454545,0.0
0,Le Sirop de Monin Cinnamon,0.0,0.7,19.45,27.785714285714285,0.0
0,Pizzolato Organic Alcohol Free Sparkling,0.0,0.75,8.87,11.826666666666666,0.0
0,Crisp Tumma Lager tölkki,0.0,0.33,1.52,4.6060606060606055,0.0
0,Kuohuva Kuusenkerkkä,0.0,0.75,14.99,19.986666666666668,0.0
0,Poikain Parhaat Metsä Juhlakuohu,0.0,0.75,12.58,16.773333333333333,0.0
0,Inkivääri Kombucha sokeriton tölkki,0.0,0.33,3.72,11.272727272727273,0.0
0,Original Long Drink Grapefruit 0,0.0,0.33,2.19,6.636363636363636,0.0
0,Bella Ella Bianco Zero,0.0,0.75,6.12,8.16,0.0
0,Dr. Loosen Riesling Alcohol Free,0.0,0.75,11.96,15.946666666666667,0.0
0,Le Sirop de Monin Hazelnut Sugarfree,0.0,0.7,19.60,28.000000000000004,0.0
0,Blue Nun Sparkling Silver Alcohol Free,0.0,0.75,6.78,9.040000000000001,0.0
0,Seedlip Grove 42,0.0,0.7,29.81,42.58571428571429,0.0
0,Highball Italian Spritz,0.0,0.25,2.47,9.88,0.0
0,Vendôme Mademoiselle Classic,0.0,0.75,8.31,11.08,0.0
