,Name,Alcohol,Size,Price,Price_per_liter,Alcohol_per_euro_per_liter
0,Castero Trebbiano 2021 kartonkitölkki,13.0,1.0,8.49,8.49,1.531
0,Chef's Selection Tomi Björck Edition Shiraz 2020 hanapakkaus,13.5,3.0,26.90,8.967,1.506
0,Santiago 1541 Syrah Cabernet Malbec 2019 hanapakkaus,12.5,3.0,24.99,8.33,1.501
0,Caravan Rosé 2021 muovipullo,13.0,0.75,6.50,8.667,1.5
0,Adobe Cabernet Sauvignon Merlot 2020 hanapakkaus,13.5,3.0,27.49,9.163,1.473
0,Selfie Oaked Pinotage 2020 kartonkitölkki,14.0,1.0,9.98,9.98,1.403
0,Rosie Rosé 2022 kartonkitölkki,14.0,1.0,9.99,9.99,1.401
0,Kuronen Red 2021 hanapakkaus,14.0,3.0,30.99,10.33,1.355
0,Lobetia Tempranillo Shiraz 2020 kartonkitölkki,13.5,1.0,9.99,9.99,1.351
0,Katse Felidae Organic  2021 muovipullo,13.5,1.0,9.99,9.99,1.351
0,Castillo de Gredos Tinto hanapakkaus,13.0,3.0,28.89,9.63,1.35
0,Tähtiglögi Luomu,15.0,0.75,8.49,11.32,1.325
0,Piqueras Syrah Monastrell 2022 hanapakkaus,14.5,3.0,32.99,10.997,1.319
0,Castillo de Gredos Tinto Organic kartonkitölkki,13.0,1.0,9.98,9.98,1.303
0,Curiosity Tempranillo 2020 hanapakkaus,13.0,3.0,29.98,9.993,1.301
0,Liisa Muscat Sauvignon Blanc kartonkitölkki,13.0,1.0,9.99,9.99,1.301
0,Espiritu de Chile Viajero Shiraz Cabernet 2023 kartonkitölkki,13.0,1.0,9.99,9.99,1.301
0,Rajaton Harmonia 2021 hanapakkaus,13.0,3.0,29.98,9.993,1.301
0,Mosaic Blanco kartonkitölkki,11.5,1.0,8.89,8.89,1.294
0,Gustoso Vino Rosso Organico 2019 hanapakkaus,12.5,3.0,28.99,9.663,1.294
0,The Big Zin Zinfandel 2020 hanapakkaus,14.0,3.0,32.49,10.83,1.293
0,Cerro Tinto kartonkitölkki,12.5,1.0,9.68,9.68,1.291
0,Contramaestre Syrah Tempranillo Garnacha Organic 2021 hanapakkaus,13.5,3.0,31.40,10.467,1.29
0,Casa Santos Lima Red Blend Portugal 2022 hanapakkaus,13.5,3.0,31.48,10.493,1.287
0,Ícaro Tinto 2022 hanapakkaus,13.5,3.0,31.48,10.493,1.287
0,Smooth Escape Shiraz Cabernet 2022 kartonkitölkki,13.5,1.0,10.49,10.49,1.287
0,Castillo de Anna Appasanto Tempranillo hanapakkaus,13.5,3.0,31.48,10.493,1.287
0,Lounge Wine Merlot 2021 kartonkitölkki,11.5,1.0,8.99,8.99,1.279
0,Johan Freitag Vodka,40.0,0.5,15.64,31.28,1.279
0,Castano Ecologico Monastrell 2021 hanapakkaus,14.0,3.0,32.90,10.967,1.277
0,Chill Out Cabernet Sauvignon Australia 2022 hanapakkaus,14.0,3.0,32.99,10.997,1.273
0,Bio Logico Organic Tempranillo 2021 hanapakkaus,14.0,3.0,32.99,10.997,1.273
0,Juhla Glögi,20.0,0.75,11.79,15.72,1.272
0,Pukki Glögi Luomu,15.0,0.75,8.89,11.853,1.266
0,U/B Botane Rosé 2022 kartonkitölkki,12.5,1.0,9.88,9.88,1.265
0,Viña Albali Organic Tempranillo 2021 hanapakkaus,13.0,3.0,30.99,10.33,1.258
0,Gosa Organic Monastrell 2021 hanapakkaus,14.0,3.0,33.49,11.163,1.254
0,Valdemar muovipullo,15.0,0.75,8.98,11.973,1.253
0,Doris muovipullo,15.0,0.75,8.98,11.973,1.253
0,Minty Icy Strawberry,25.0,0.5,9.98,19.96,1.253
0,Zafaria Winemakers Blend Chenin Blanc 2023 kartonkitölkki,12.5,1.0,9.98,9.98,1.253
0,Don Opas 2022,12.5,0.75,7.49,9.987,1.252
0,Crazy Cat Chenin Blanc 2023 hanapakkaus,12.5,3.0,29.98,9.993,1.251
0,Galodoro Winemaker's Red hanapakkaus,12.5,3.0,29.98,9.993,1.251
0,Lobetia Organic Rosé 2021 kartonkitölkki,12.5,1.0,9.99,9.99,1.251
0,Woodie Rosé 2021 hanapakkaus,12.5,3.0,29.98,9.993,1.251
0,Pop Up Season Chardonnay 2021 kartonkitölkki,12.5,1.0,9.99,9.99,1.251
0,2u Duas Uvas 2021 hanapakkaus,13.5,3.0,32.48,10.827,1.247
0,Castillo de Gredos Blanco hanapakkaus,12.0,3.0,28.89,9.63,1.246
0,Tarapacá Santa Cecilia Merlot Carmenère 2022 hanapakkaus,13.0,3.0,31.29,10.43,1.246
0,Woodie Rosé 2022 kartonkitölkki,13.0,1.0,10.49,10.49,1.239
0,Gato Negro Cabernet Sauvignon Shiraz kartonkitölkki,13.0,1.0,10.49,10.49,1.239
0,Casa Nostra Appassimento hanapakkaus,13.0,3.0,31.48,10.493,1.239
0,Gato Negro Cabernet Sauvignon 2022 hanapakkaus,13.0,3.0,31.48,10.493,1.239
0,Curiosity Tempranillo kartonkitölkki,13.0,1.0,10.49,10.49,1.239
0,Lumoava Karpalo Luomuglögi,15.0,0.75,9.09,12.12,1.238
0,Koskenkorva Viina muovipullo,38.0,0.7,21.48,30.686,1.238
0,Laua Viin muovipullo,40.0,0.5,16.18,32.36,1.236
0,Panic Button hanapakkaus,14.0,3.0,33.98,11.327,1.236
0,Saunalahden Viina muovipullo,37.5,0.7,21.24,30.343,1.236
0,99 Rosas Organic White Wine 2022 kartonkitölkki,12.5,1.0,10.14,10.14,1.233
0,Cape Original Shiraz Cabernet Sauvignon Organic 2021 kartonkitölkki,13.5,1.0,10.98,10.98,1.23
0,Aussie Kangarouge A Rich Shiraz kartonkitölkki,13.5,1.0,10.98,10.98,1.23
0,Pirkko Shiraz 2020 kartonkitölkki,13.5,1.0,10.98,10.98,1.23
0,Fortuna muovipullo,13.5,1.0,10.98,10.98,1.23
0,Quinta da Espiga Reserva 2019 muovipullo,13.5,1.0,10.98,10.98,1.23
0,Katse La Mirada Organic Tempranillo Syrah 2022 hanapakkaus,13.5,3.0,32.99,10.997,1.228
0,Neleman Wine in Books Organic Red 2020 hanapakkaus,13.5,3.0,32.99,10.997,1.228
0,Boca Mar Tinto 2020,14.5,0.75,8.89,11.853,1.223
0,Tapio Viina muovipullo,39.0,0.5,15.94,31.88,1.223
0,Leijona Viina muovipullo,32.0,1.0,26.18,26.18,1.222
0,Sisuviina muovipullo,37.5,0.7,21.48,30.686,1.222
0,9 Lives Alluring Red Blend 2022 hanapakkaus,13.0,3.0,31.98,10.66,1.22
0,Big Mouth Sassy Red hanapakkaus,13.0,3.0,31.98,10.66,1.22
0,U by Undurraga Cabernet Sauvignon Merlot Syrah 2021 hanapakkaus,13.0,3.0,31.98,10.66,1.22
0,Petó Organic 2021 hanapakkaus,13.0,3.0,31.99,10.663,1.219
0,Hardys VR Chardonnay 2022 hanapakkaus,13.0,3.0,31.99,10.663,1.219
0,Los Molinos Tempranillo,12.5,0.75,7.69,10.253,1.219
0,Bird's Tree Red 2020 hanapakkaus,13.0,3.0,31.99,10.663,1.219
0,Vite Mia Vino Biologico Rosso 2020 hanapakkaus,13.5,3.0,33.28,11.093,1.217
0,Gambina muovipullo,21.0,0.75,12.98,17.307,1.213
0,Marabello muovipullo,15.0,0.75,9.29,12.387,1.211
0,Gato Negro Chardonnay 2023 hanapakkaus,12.5,3.0,30.99,10.33,1.21
0,Footmark Pinotage 2022,14.5,0.75,8.99,11.987,1.21
0,Viña Albali Verdejo Organic 2022 hanapakkaus,12.5,3.0,30.99,10.33,1.21
0,La Maschera Ok Rose 2020 kartonkitölkki,13.0,1.0,10.78,10.78,1.206
0,Ponte Villoni Montepulciano d'Abruzzo 2020 hanapakkaus,12.5,3.0,31.12,10.373,1.205
0,La Umbra Riesling Italico 2021 kartonkitölkki,13.0,1.0,10.81,10.81,1.203
0,Pohjan Poika Viina muovipullo,35.0,0.7,20.38,29.114,1.202
0,Grand Sud Merlot Rose 2021,12.5,1.0,10.40,10.4,1.202
0,Castillo de Gredos Blanco Organic kartonkitölkki,12.0,1.0,9.98,9.98,1.202
0,Viña Maipo Sauvignon Blanc 2021 hanapakkaus,12.0,3.0,29.98,9.993,1.201
0,Frame Pinot Blanc & Riesling 2021 hanapakkaus,12.0,3.0,29.98,9.993,1.201
0,Good Vibes Rosé 2021 hanapakkaus,12.0,3.0,29.98,9.993,1.201
0,Gato Negro Sauvignon Blanc kartonkitölkki,12.0,1.0,9.99,9.99,1.201
0,Viña Maipo Cabernet Sauvignon 2022 hanapakkaus,12.0,3.0,29.98,9.993,1.201
0,Frontera Cabernet Sauvignon 2022 hanapakkaus,12.0,3.0,29.98,9.993,1.201
0,Frontera Chardonnay 2022 hanapakkaus,12.0,3.0,29.98,9.993,1.201
0,Sunrise Sauvignon Blanc Chardonnay 2022 hanapakkaus,12.0,3.0,29.98,9.993,1.201
0,Liisa Bobal Rosé 2021 kartonkitölkki,12.0,1.0,9.99,9.99,1.201
0,Viña Maipo Rosé 2022 hanapakkaus,12.0,3.0,29.98,9.993,1.201
0,Viña Maipo Chardonnay 2022 hanapakkaus,12.0,3.0,29.98,9.993,1.201
0,Sofia y Sebastian 2020 hanapakkaus,13.0,3.0,32.49,10.83,1.2
0,Chymos Väkevä Päärynä muovipullo,15.0,0.75,9.38,12.507,1.199
0,Maze Shiraz Cabernet Sauvignon 2021 hanapakkaus,14.5,3.0,36.30,12.1,1.198
0,Winemalia White Bear Blend Sauvignon Blanc Chardonnay 2023 hanapakkaus,12.5,3.0,31.29,10.43,1.198
0,Oranjeboom Premium Strong Beer tölkki,12.0,0.5,5.01,10.02,1.198
0,Kuronen Organic Red 2020 muovipullo,13.5,1.0,11.29,11.29,1.196
0,Gold Dust Signature Red Blend 2022 hanapakkaus,13.5,3.0,33.89,11.297,1.195
0,Versus White 2022,13.5,0.75,8.49,11.32,1.193
0,Monte dos Amigos Entertaining Red 2021,13.5,0.75,8.49,11.32,1.193
0,Turtle Dreaming 2021 hanapakkaus,13.5,3.0,33.98,11.327,1.192
0,Camden Park Cabernet Sauvignon Shiraz 2021 hanapakkaus,13.5,3.0,33.98,11.327,1.192
0,Espiritu de Chile Fresh & Fruity Sauvignon Blanc kartonkitölkki,12.5,1.0,10.49,10.49,1.192
0,Portuga Red 2021 hanapakkaus,12.5,3.0,31.48,10.493,1.191
0,Gato Negro Sauvignon Blanc 2023 hanapakkaus,12.5,3.0,31.48,10.493,1.191
0,Origin Organic Tempranillo Merlot 2021 kartonkitölkki,13.5,0.75,8.50,11.333,1.191
0,Escapada Branco 2022 hanapakkaus,12.5,3.0,31.48,10.493,1.191
0,Pearly Bay Dry White kartonkitölkki,12.0,1.0,10.08,10.08,1.19
0,Cerro Blanco kartonkitölkki,11.5,1.0,9.68,9.68,1.188
0,Chymos Vadelma Kimara muovipullo,15.0,0.75,9.48,12.64,1.187
0,Expedition Torrontés Chardonnay 2022 kartonkitölkki,13.0,1.0,10.98,10.98,1.184
0,Fair & Square Red 2023 kartonkitölkki,13.0,1.0,10.98,10.98,1.184
0,Kiroileva Viini Syrah Rosé 2023 kartonkitölkki,13.0,1.0,10.98,10.98,1.184
0,Espíritu de Chile Cabernet Carmenere Shiraz kartonkitölkki,13.0,1.0,10.98,10.98,1.184
0,Lisbonita 2020 kartonkitölkki,13.0,1.0,10.98,10.98,1.184
0,Passento kartonkitölkki,13.0,1.0,10.98,10.98,1.184
0,Grapeful Chardonnay Organic 2022 kartonkitölkki,13.0,1.0,10.98,10.98,1.184
0,Pirkko Rosé 2022 kartonkitölkki,13.0,1.0,10.99,10.99,1.183
0,Leva Chardonnay Dimiat & Muscat 2021 hanapakkaus,13.0,3.0,32.99,10.997,1.182
0,Inception Irresistible White Blend 2022 hanapakkaus,13.0,3.0,32.99,10.997,1.182
0,Manos Libre Viura Sauvignon Blanc Organic 2022 hanapakkaus,13.0,3.0,32.99,10.997,1.182
0,Chill Out Chardonnay Australia 2022 hanapakkaus,13.0,3.0,32.99,10.997,1.182
0,Luna Negra Chardonnay hanapakkaus,13.0,2.0,21.99,10.995,1.182
0,Campo Viejo Winemakers' Blend 2020 hanapakkaus,13.5,3.0,34.29,11.43,1.181
0,MG by MontGras Pinot Noir 2020,13.0,0.75,8.26,11.013,1.18
0,Glenwood muovipullo,40.0,1.0,33.99,33.99,1.177
0,Passi Reali Organic Passione 2021 hanapakkaus,14.5,3.0,36.98,12.327,1.176
0,Gato Negro Pinot Noir 2020 muovipullo,13.5,1.0,11.48,11.48,1.176
0,Mayu Reserva Syrah Appassimento hanapakkaus,14.5,3.0,36.98,12.327,1.176
0,Bello Organic Vino Rosso 2021 kartonkitölkki,13.5,1.0,11.48,11.48,1.176
0,Inception Deep Layered Red 2020 hanapakkaus,13.5,3.0,34.48,11.493,1.175
0,Icono Selección Especial hanapakkaus,13.5,2.0,22.98,11.49,1.175
0,Lithuanian Vodka Classic muovipullo,37.5,0.5,15.99,31.98,1.173
0,Stony Cape Chenin Blanc 2022,12.5,0.75,7.99,10.653,1.173
0,Don Simon Nature Cabernet Sauvignon,12.5,0.75,7.99,10.653,1.173
0,2u Duas Uvas Branco White 2022 hanapakkaus,12.5,3.0,31.98,10.66,1.173
0,In The Mood Chenin Blanc 2021 hanapakkaus,12.5,3.0,31.98,10.66,1.173
0,Sunrise Cabernet Sauvignon 2021,12.0,0.75,7.67,10.227,1.173
0,LAB Rose 2022 hanapakkaus,12.5,3.0,31.98,10.66,1.173
0,LAB Fresh & Fruity Branco White  2022 hanapakkaus,12.5,3.0,31.98,10.66,1.173
0,Propeller White Rum,37.5,0.5,15.99,31.98,1.173
0,Piqueras Sauvignon Verdejo 2022 hanapakkaus,12.5,3.0,31.99,10.663,1.172
0,Vite Mia Biologico Bianco 2020 hanapakkaus,13.0,3.0,33.28,11.093,1.172
0,Setencostas Fresh & Fruity 2022 hanapakkaus,12.5,3.0,31.99,10.663,1.172
0,Il Barone Rosso 2022 hanapakkaus,12.5,3.0,31.99,10.663,1.172
0,Alpha Chardonnay hanapakkaus,12.5,3.0,31.99,10.663,1.172
0,Quargentan Bianco kartonkitölkki,11.0,1.0,9.39,9.39,1.171
0,Massimo Grande Rosso Organic 2022 hanapakkaus,13.0,4.5,49.99,11.109,1.17
0,Juno Shiraz 2021 kartonkitölkki,14.0,1.0,11.98,11.98,1.169
0,Expedition Chardonnay 2022 muovipullo,14.0,1.0,11.98,11.98,1.169
0,Montalto Syrah 2022 muovipullo,14.0,1.0,11.98,11.98,1.169
0,Felix Solis Peñasol Semidulce Tinto kartonkitölkki,10.5,1.0,8.99,8.99,1.168
0,Felix Solis Peñasol Semidulce Blanco kartonkitölkki,10.5,1.0,8.99,8.99,1.168
0,Koskenkorva Viina 30% muovipullo,30.0,0.7,17.98,25.686,1.168
0,Long John,40.0,0.7,23.99,34.271,1.167
0,Lindeman's Bin 50 Shiraz 2021 hanapakkaus,14.0,3.0,35.99,11.997,1.167
0,Lord Calvert muovipullo,40.0,0.7,23.99,34.271,1.167
0,Nederburg Winemasters Cabernet Sauvignon 2020 hanapakkaus,14.0,3.0,35.99,11.997,1.167
0,Casas Patronales Rosia kartonkitölkki,12.5,1.0,10.71,10.71,1.167
0,A Le Coq Gold tölkki,4.7,0.33,1.33,4.03,1.166
0,A Le Coq Gold 6-pack tölkki,4.7,1.98,7.98,4.03,1.166
0,Pop Up Season Rosé kartonkitölkki,12.0,1.0,10.29,10.29,1.166
0,Leva Riesling 2022 hanapakkaus,12.0,3.0,30.89,10.297,1.165
0,Tyyne Rosé 2021 kartonkitölkki,11.5,1.0,9.87,9.87,1.165
0,Chill Out Shiraz Rosé 2022 hanapakkaus,13.0,3.0,33.49,11.163,1.165
0,Tarapacá Santa Cecilia Cabernet Sauvignon 2022,13.0,0.75,8.39,11.187,1.162
0,Esbjaerg Vodka,40.0,0.7,24.10,34.429,1.162
0,Tarapacá Santa Cecilia Chardonnay 2023,13.0,0.75,8.39,11.187,1.162
0,Tarapacá Santa Cecilia Merlot 2022,13.0,0.75,8.39,11.187,1.162
0,Hankey Bannister muovipullo,40.0,0.5,17.23,34.46,1.161
0,Quinta do Espirito Santo Red 2019 hanapakkaus,14.5,3.0,37.48,12.493,1.161
0,Two Oceans Shiraz 2022 hanapakkaus,13.5,3.0,34.98,11.66,1.158
0,Adobe Carmenere Cabernet Sauvignon 2022 hanapakkaus,13.5,3.0,34.98,11.66,1.158
0,Ricossa Barbera Nebbiolo 2022 hanapakkaus,13.5,3.0,34.98,11.66,1.158
0,Lisa 1503 Rosso D'artista hanapakkaus,13.5,3.0,34.98,11.66,1.158
0,Luna Negra Merlot hanapakkaus,13.0,2.0,22.48,11.24,1.157
0,Courriere Napoleon Finest VSOP,36.0,0.7,21.79,31.129,1.156
0,Albero Chardonnay kartonkitölkki,12.0,1.0,10.39,10.39,1.155
0,I.L.O. Organic Primitivo 2021 hanapakkaus,15.0,2.0,25.98,12.99,1.155
0,Leijona Viina,32.0,0.5,13.88,27.76,1.153
0,Highland Queen,40.0,0.7,24.28,34.686,1.153
0,Rhum Negrita Dark Signature,37.5,0.7,22.79,32.557,1.152
0,Barra Oak Bay Dark,37.5,0.7,22.79,32.557,1.152
0,Pop Up Season Sauvignon Blanc 2022 kartonkitölkki,11.5,1.0,9.99,9.99,1.151
0,LAB Reserva 2021 hanapakkaus,14.0,3.0,36.49,12.163,1.151
0,Deep Roots Rivaner 2022 kartonkitölkki,11.5,1.0,9.99,9.99,1.151
0,Hope Grand Reserve 2022 hanapakkaus,14.0,3.0,36.49,12.163,1.151
0,Magyar Fehér Bor hanapakkaus,11.5,3.0,29.98,9.993,1.151
0,Pearly Bay Dry White hanapakkaus,12.0,3.0,31.29,10.43,1.151
0,Sam Barton 5 Years Old,40.0,0.7,24.35,34.786,1.15
0,Pata Negra Tempranillo Barrel Aged 2021 hanapakkaus,13.0,3.0,33.98,11.327,1.148
0,JP. Chenet Cabernet Syrah 2022 hanapakkaus,13.0,3.0,33.98,11.327,1.148
0,Gato Negro Cabernet Sauvignon 2023,13.0,0.75,8.49,11.32,1.148
0,Murviedro Eko Monastrell 2021,13.0,0.75,8.49,11.32,1.148
0,Santa Helena Varietal Cabernet Sauvignon 2023,13.0,0.75,8.49,11.32,1.148
0,Tommolo Organic Montepulciano d'Abruzzo 2021 hanapakkaus,13.0,3.0,33.98,11.327,1.148
0,Casillero del Diablo Malbec 2022 hanapakkaus,13.0,3.0,33.98,11.327,1.148
0,Cerro Rosé kartonkitölkki,13.0,1.0,11.33,11.33,1.147
0,Chill Out Shiraz Cabernet Sauvignon Australia 2021 kartonkitölkki,14.5,0.75,9.49,12.653,1.146
0,Zensa Rosso Organico 2022 hanapakkaus,14.0,3.0,36.68,12.227,1.145
0,Evergreen Touch of Nature Monastrell Organic 2022 muovipullo,14.5,1.0,12.66,12.66,1.145
0,Koskenkorva Viina,38.0,0.5,16.59,33.18,1.145
0,Koskenkorva Spirit Drink Organic muovipullo,24.0,1.0,20.98,20.98,1.144
0,Essence Organic Rosé 2021 hanapakkaus,12.0,3.0,31.48,10.493,1.144
0,Wine Tunes Rock'n Riesling 2022 kartonkitölkki,12.0,1.0,10.49,10.49,1.144
0,Gilbey's Gin,37.5,0.7,22.98,32.829,1.142
0,Frontera White Blend 2022,12.0,0.75,7.88,10.507,1.142
0,Saaremaa Ore Gin,37.5,0.7,22.98,32.829,1.142
0,Viru Valge Vodka,40.0,0.7,24.56,35.086,1.14
0,Hehkuviini,22.0,0.75,14.49,19.32,1.139
0,Los Molinos Airén-Verdejo,12.0,0.75,7.90,10.533,1.139
0,Dry Vodka muovipullo,40.0,0.7,24.58,35.114,1.139
0,Riesberg Premium Riesling 2020 hanapakkaus,11.0,3.0,28.98,9.66,1.139
0,The Wanted Zin 2021 hanapakkaus,14.0,3.0,36.89,12.297,1.138
0,Silver Dry Gin muovipullo,39.0,0.7,23.98,34.257,1.138
0,Fair & Square White 2023 kartonkitölkki,12.5,1.0,10.98,10.98,1.138
0,Aussie Great White Chardonnay kartonkitölkki,12.5,1.0,10.98,10.98,1.138
0,Casas Patronales Crisp hanapakkaus,12.5,3.0,32.95,10.983,1.138
0,Blossom Rosé 2022 kartonkitölkki,12.5,1.0,10.98,10.98,1.138
0,Espiritu de Chile Viajero Rose 2022 kartonkitölkki,12.5,1.0,10.98,10.98,1.138
0,Beehive VSOP muovipullo,40.0,0.5,17.58,35.16,1.138
0,Pirkko Sauvignon Blanc 2022 kartonkitölkki,12.5,1.0,10.98,10.98,1.138
0,Suomi Viina muovipullo,32.0,0.35,9.85,28.143,1.137
0,Wolf Blass Red Label Shiraz Merlot Durif 2021 hanapakkaus,14.0,3.0,36.98,12.327,1.136
0,Pop Up Season Organic Red 2021 muovipullo,13.5,1.0,11.88,11.88,1.136
0,Raimat Abadía Cabernet Sauvignon Tempranillo Organic 2021 hanapakkaus,14.0,3.0,36.98,12.327,1.136
0,The Sugar Skull 2021 kartonkitölkki,11.0,1.0,9.68,9.68,1.136
0,The Claymore,40.0,0.7,24.69,35.271,1.134
0,Ron Cabana Blanco muovipullo,37.5,0.7,23.15,33.071,1.134
0,Highland Reserve,40.0,0.7,24.69,35.271,1.134
0,Santa Helena White Blend 2022 muovipullo,13.0,1.0,11.48,11.48,1.132
0,Rhum Negrita White Signature,37.5,0.7,23.20,33.143,1.131
0,Camden Park Shiraz Petit Verdot Cabernet Sauvignon 2021 kartonkitölkki,13.0,1.0,11.50,11.5,1.13
0,Murviedro Planet B Bobal Tempranillo Organic 2022,14.0,0.75,9.29,12.387,1.13
0,Paras Viini Ikinä 2023 hanapakkaus,13.5,3.0,35.84,11.947,1.13
0,Porta 6 Tinto 2019 hanapakkaus,13.5,3.0,35.86,11.953,1.129
0,Je Suis Rouge 2020 muovipullo,13.5,1.0,11.97,11.97,1.128
0,Hilly Red Cuvée 2019 muovipullo,13.5,1.0,11.98,11.98,1.127
0,Katse Organic Tempranillo 2022 muovipullo,13.5,1.0,11.98,11.98,1.127
0,Pop Up Season Cabernet Sauvignon Syrah Rosé  2023 muovipullo,13.5,1.0,11.98,11.98,1.127
0,Jammy Jam Red 2021,15.0,0.75,9.98,13.307,1.127
0,Adobe Merlot Cabernet Sauvignon Syrah 2022 viinipussi,13.5,1.5,17.99,11.993,1.126
0,Expedition Cabernet Sauvignon 2022 kartonkitölkki,13.5,1.0,11.99,11.99,1.126
0,Frontera Tempranillo 2021 viinipussi,13.5,1.5,17.99,11.993,1.126
0,Katse Organic Red Blend 2021,13.5,0.75,8.99,11.987,1.126
0,Last Mandarin muovipullo,15.0,0.75,9.99,13.32,1.126
0,Last Mango muovipullo,15.0,0.75,9.99,13.32,1.126
0,2u Duas Uvas 2021,13.5,0.75,8.99,11.987,1.126
0,Last Pineapple muovipullo,15.0,0.75,9.99,13.32,1.126
0,Viña Maipo Chardonnay 2022,12.0,0.75,7.99,10.653,1.126
0,Frontera Chardonnay 2022,12.0,0.75,7.99,10.653,1.126
0,Graffigna Elixio Cabernet Sauvignon 2022,13.5,0.75,8.99,11.987,1.126
0,Adobe Organic Chardonnay 2023 viinipussi,13.5,1.5,17.99,11.993,1.126
0,Epicuro Rosso 2019,13.5,0.75,8.99,11.987,1.126
0,Cono Sur Tocornal Cabernet Sauvignon 2021,12.0,0.75,7.99,10.653,1.126
0,Viña Maipo Cabernet Sauvignon 2022,12.0,0.75,7.99,10.653,1.126
0,Footmark Smooth Red 2022,13.5,0.75,8.99,11.987,1.126
0,Frontera Cabernet Sauvignon 2022,12.0,0.75,7.99,10.653,1.126
0,Norton Colección de los Andes Cabernet Sauvignon Malbec 2022 kartonkitölkki,13.5,1.0,11.99,11.99,1.126
0,19 Crimes Revolutionary Rosé 2021 hanapakkaus,13.5,1.5,17.98,11.987,1.126
0,Marqués de Nombrevilla Mountain Garnacha 2021 hanapakkaus,13.5,3.0,35.99,11.997,1.125
0,Loyalty Vinho Tinto Portugal 2020 hanapakkaus,13.0,2.25,25.99,11.551,1.125
0,Merino Organic 2022 hanapakkaus,13.5,3.0,35.99,11.997,1.125
0,Montalto Rosso Passivento hanapakkaus,13.5,3.0,35.99,11.997,1.125
0,Sangre de Toro Organic 2021 hanapakkaus,13.5,3.0,35.99,11.997,1.125
0,Stony Cape Chenin Blanc hanapakkaus,12.0,3.0,31.99,10.663,1.125
0,Label 5 muovipullo,40.0,0.5,17.80,35.6,1.124
0,Scottish Leader,40.0,1.0,35.59,35.59,1.124
0,The Wedge Shiraz Pinotage muovipullo,14.0,1.0,12.47,12.47,1.123
0,Kaatoryyppy muovipullo,32.0,0.35,9.98,28.514,1.122
0,Casa Santos Lima Fortíssimo 2020 hanapakkaus,14.0,3.0,37.48,12.493,1.121
0,Status Platinum Vodka,40.0,0.7,24.98,35.686,1.121
0,Vinistella Appassimento La Passione Organico 2022 hanapakkaus,14.0,3.0,37.48,12.493,1.121
0,Sir Edward's Smoky,40.0,0.7,24.99,35.7,1.12
0,Tronnes Napoléon muovipullo,36.0,0.7,22.49,32.129,1.12
0,Frisky Zebras Sensuous Sauvignon Blanc kartonkitölkki,12.0,1.0,10.71,10.71,1.12
0,Bons Ventos 2022 hanapakkaus,12.5,3.0,33.49,11.163,1.12
0,Glen Scanlan muovipullo,40.0,0.7,24.99,35.7,1.12
0,Kolme Leijonaa muovipullo,40.0,0.7,24.99,35.7,1.12
0,LAB Best In Show Red 2021 hanapakkaus,14.0,2.0,24.99,12.495,1.12
0,Curvos 2021 hanapakkaus,12.5,3.0,33.49,11.163,1.12
0,Nobenaps Organic Blackcurrant Peppermint,38.0,0.5,16.98,33.96,1.119
0,Cerro Tinto Organic Tempranillo Shiraz kartonkitölkki,13.0,0.75,8.71,11.613,1.119
0,Juniper Gin muovipullo,37.5,0.7,23.49,33.557,1.118
0,B. Ink by Grant Burge Red Blend 2020 hanapakkaus,14.5,1.5,19.48,12.987,1.117
0,Tasavalta Viina muovipullo,28.0,0.7,17.58,25.114,1.115
0,Lindeman's Shiraz Cabernet 2021 hanapakkaus,13.0,3.0,34.98,11.66,1.115
0,Ihanan kamalan elämän hurmio ja turmio 2020 hanapakkaus,14.0,3.0,37.67,12.557,1.115
0,Puolustuslaitos Viinaa,40.0,0.5,17.99,35.98,1.112
0,FlipFlop Californian Red 2022 kartonkitölkki,13.0,1.0,11.69,11.69,1.112
0,Smooth Escape Riverland Shiraz Cabernet Sauvignon 2022 muovipullo,13.0,1.0,11.69,11.69,1.112
0,Relax it's Only Wine 2021 kartonkitölkki,13.0,1.0,11.69,11.69,1.112
0,Pearly Bay Dry White,12.0,0.75,8.09,10.787,1.112
0,KWV Chenin Blanc Muscat d'Alexandrie 2022 hanapakkaus,12.5,3.0,33.79,11.263,1.11
0,Hardys BIN 343 Cabernet Shiraz 2021,13.0,0.75,8.79,11.72,1.109
0,Petó Organic Red Wine,13.0,0.75,8.79,11.72,1.109
0,Caballo de Mendoza,14.0,0.75,9.48,12.64,1.108
0,La Viande Merlot kartonkitölkki,13.0,1.0,11.73,11.73,1.108
0,Icono Cabernet Sauvignon 2020,14.0,0.75,9.48,12.64,1.108
0,Saunalahden Viina 27 % muovipullo,27.0,0.5,12.19,24.38,1.107
0,Espíritu de Chile Cabernet Carmenère hanapakkaus,12.5,3.0,33.89,11.297,1.106
0,Dry Anis muovipullo,40.0,0.5,18.09,36.18,1.106
0,Espíritu de Chile Gewürztraminer Semillon hanapakkaus,12.5,3.0,33.89,11.297,1.106
0,Crudo Nero D’Avola Cabernet Sauvignon 2021 hanapakkaus,14.0,3.0,37.99,12.663,1.106
0,Vino Happy Go Lucky 2020 hanapakkaus,13.0,1.5,17.65,11.767,1.105
0,Santa Helena Varietal Sauvignon Blanc 2022,12.5,0.75,8.49,11.32,1.104
0,Propeller Dark Rum,37.5,0.5,16.98,33.96,1.104
0,Espíritu de Chile Sauvignon Blanc 2022,12.5,0.75,8.49,11.32,1.104
0,Gato Negro Sauvignon Blanc 2022,12.5,0.75,8.49,11.32,1.104
0,Leo muovipullo,12.5,0.75,8.49,11.32,1.104
0,Santa Helena Varietal Chardonnay 2022,12.5,0.75,8.49,11.32,1.104
0,Espíritu de Chile Chardonnay Gewürztraminer 2023,12.5,0.75,8.49,11.32,1.104
0,Gato Negro Chardonnay 2023,12.5,0.75,8.49,11.32,1.104
0,Intimista Tinto,13.0,0.75,8.83,11.773,1.104
0,Obolon Strong tölkki,8.6,0.5,3.90,7.8,1.103
0,Tsantali Ouzo,38.0,0.7,24.14,34.486,1.102
0,Ponto de Partida Rosé 2021 kartonkitölkki,11.0,1.0,9.99,9.99,1.101
0,Magyar Feher Bor kartonkitölkki,11.0,1.0,9.99,9.99,1.101
0,Botter Pinot Bianco 2022,12.0,1.5,16.36,10.907,1.1
0,Suomi Viina 21 % muovipullo,21.0,0.7,13.39,19.129,1.098
0,Castillo de Molina Reserva Cabernet Sauvignon 2019 hanapakkaus,14.0,3.0,38.28,12.76,1.097
0,Topo White 2022 kartonkitölkki,11.5,1.0,10.49,10.49,1.096
0,Cape Original Fruity & Tropical 2023 kartonkitölkki,11.5,1.0,10.49,10.49,1.096
0,Quinta das Setencostas 2019 hanapakkaus,13.5,3.0,36.98,12.327,1.095
0,Koskenkorva Luomu Viina muovipullo,30.0,0.35,9.59,27.4,1.095
0,Barahonda Carro Organic Monastrell hanapakkaus,13.5,3.0,36.98,12.327,1.095
0,Stumbras Vodka Rye,37.5,0.7,23.98,34.257,1.095
0,Koskenkorva Vodka 40 %,40.0,0.7,25.58,36.543,1.095
0,Baltic Light muovipullo,37.5,0.7,23.99,34.271,1.094
0,Beehive Honey muovipullo,35.0,0.5,15.99,31.98,1.094
0,Viña Maipo Cabernet Sauvignon 2022 muovipullo,12.0,1.0,10.98,10.98,1.093
0,Viña Maipo Carmenere 2021 muovipullo,12.0,1.0,10.98,10.98,1.093
0,Stug Röd Organic 2022 hanapakkaus,12.0,3.0,32.99,10.997,1.091
0,Two Oceans Fresh & Fruity White 2023 hanapakkaus,12.0,3.0,32.99,10.997,1.091
0,Galitos Branco 2015 hanapakkaus,13.0,5.0,59.61,11.922,1.09
0,Caravan Merlot 2020,14.5,0.75,9.98,13.307,1.09
0,Twiga Hill Red 2022 viinipussi,14.5,1.5,19.98,13.32,1.089
0,Gnarly Head Old Vine Zinfandel 2021 hanapakkaus,14.5,3.0,39.98,13.327,1.088
0,Corona Finest Napoleon muovipullo,36.0,0.35,11.58,33.086,1.088
0,Crazy Cat Shiraz hanapakkaus,12.5,3.0,34.48,11.493,1.088
0,Santa Helena Cabernet Sauvignon 2021 kartonkitölkki,13.0,0.5,5.98,11.96,1.087
0,Evergreen Syrah 2022 kartonkitölkki,13.0,0.5,5.98,11.96,1.087
0,Rommiviina muovipullo,37.5,0.5,17.25,34.5,1.087
0,Antiche Terre Solo Passione Rosso hanapakkaus,13.5,3.0,37.29,12.43,1.086
0,Bardinet VSOP muovipullo,36.0,0.35,11.60,33.143,1.086
0,Ripa's Honey & Chili,30.0,0.7,19.33,27.614,1.086
0,Santiago 1541 Syrah Cabernet Malbec 2021,13.0,0.75,8.99,11.987,1.085
0,Radio Boka Tempranillo 2022,13.0,0.75,8.99,11.987,1.085
0,Espíritu de Chile Shiraz Cabernet 2023,13.0,0.75,8.99,11.987,1.085
0,Grand Sud Merlot 2022,13.0,1.0,11.98,11.98,1.085
0,Asio Otus Rosso hanapakkaus,13.0,3.0,35.99,11.997,1.084
0,Quomo Organic 2022 hanapakkaus,11.5,3.0,31.89,10.63,1.082
0,Scottish Leader muovipullo,40.0,0.5,18.49,36.98,1.082
0,Loyalty Branco Portugal 2021 hanapakkaus,12.5,2.25,25.99,11.551,1.082
0,Atlântico 2022 muovipullo,13.5,1.0,12.49,12.49,1.081
0,Koskenkorva Vadelma-Punaherukka Viina muovipullo,30.0,0.5,13.88,27.76,1.081
0,Don Simon Nature Chardonnay,11.5,0.75,7.99,10.653,1.08
0,Il Barone Vino Blanco Organico 2022 hanapakkaus,11.5,3.0,31.98,10.66,1.079
0,Big Mouth Luscious White hanapakkaus,11.5,3.0,31.98,10.66,1.079
0,Haddington House,40.0,0.35,12.98,37.086,1.079
0,Corona Spanish Brandy muovipullo,36.0,0.35,11.69,33.4,1.078
0,Perdeberg SSR White tölkki,12.5,0.25,2.90,11.6,1.078
0,Kolme Leijonaa Savu muovipullo,40.0,0.7,25.98,37.114,1.078
0,Dezzani Piemonte Cortese Chardonnay 2021 hanapakkaus,11.5,3.0,31.99,10.663,1.078
0,Vat 69,40.0,0.7,25.99,37.129,1.077
0,Gibson's London Dry Gin,37.5,0.7,24.45,34.929,1.074
0,Manteliglögi,15.0,0.5,6.99,13.98,1.073
0,Quinta do Espirito Santo 2019,15.0,0.75,10.49,13.987,1.072
0,Finsbury Wild Strawberry,37.5,0.7,24.49,34.986,1.072
0,Ciao Bianco kartonkitölkki,11.0,1.0,10.26,10.26,1.072
0,Liemikuutio Rosé Cinsault by Huono Äiti 2021 hanapakkaus,12.5,3.0,34.99,11.663,1.072
0,Radio Boka Organic Rosé 2022 hanapakkaus,12.5,3.0,34.99,11.663,1.072
0,Asio Otus Bianco hanapakkaus,12.5,3.0,34.98,11.66,1.072
0,Finsbury London Dry Gin,37.5,0.7,24.49,34.986,1.072
0,Crudo Catarratto Zibibbo 2022 hanapakkaus,12.5,3.0,34.98,11.66,1.072
0,Marsalkka Vahva tölkki,8.2,0.5,3.83,7.66,1.07
0,Saaremaa Vodka muovipullo,40.0,0.5,18.69,37.38,1.07
0,Corte Rossa Piemonte Barbera 2022 hanapakkaus,12.5,3.0,35.09,11.697,1.069
0,Ruppertsberger Trocken Riesling 2022 hanapakkaus,13.0,3.0,36.49,12.163,1.069
0,Castillo Montroy Reserva 2019,13.5,0.75,9.48,12.64,1.068
0,Berceo Tempranillo 2021,13.5,0.75,9.48,12.64,1.068
0,Vinhas do Ocidente 2022,13.5,0.75,9.48,12.64,1.068
0,Pastis Berger,45.0,0.7,29.50,42.143,1.068
0,Clontarf Classic Blend,40.0,1.0,37.48,37.48,1.067
0,Care Tinto Sobre Lias 2022,14.5,0.75,10.19,13.587,1.067
0,Hardys Bin 141 Colombard Chardonnay 2022,12.5,0.75,8.79,11.72,1.067
0,Evergreen Touch of Nature Sauvignon Blanc 2022 muovipullo,13.5,1.0,12.66,12.66,1.066
0,Casa Charlize Cuvée Forte hanapakkaus,13.5,3.0,37.99,12.663,1.066
0,2U Duas Uvas Red 2021 viinipussi,13.5,1.5,18.99,12.66,1.066
0,Malmgård Strong Lager tölkki,8.5,0.5,3.99,7.98,1.065
0,Barra Oak Bay Dark muovipullo,37.5,0.5,17.60,35.2,1.065
0,Cono Sur Bicicleta Reserva Syrah 2021 hanapakkaus,12.5,3.0,35.28,11.76,1.063
0,Stirling Pink Gin,37.5,0.5,17.65,35.3,1.062
0,Crazy Cat Kitten Rosé Organic 2022 hanapakkaus,11.5,3.0,32.49,10.83,1.062
0,Intimista Branco,12.5,0.75,8.83,11.773,1.062
0,Label 5 Bourbon Barrel Single Grain,40.0,0.7,26.38,37.686,1.061
0,Espiritu de Chile Semi Sweet Sauvignon Blanc 2023,12.0,0.75,8.49,11.32,1.06
0,Viña Maipo Cabernet Sauvignon 2022 viinipussi,12.0,1.5,16.98,11.32,1.06
0,Ruby Zin hanapakkaus,13.0,3.0,36.79,12.263,1.06
0,Imperial XII VSOP muovipullo,36.0,0.5,16.99,33.98,1.059
0,Azueira AZ Branco 2018,12.5,0.75,8.85,11.8,1.059
0,Montalto Cataratto Viognier hanapakkaus,12.0,3.0,33.98,11.327,1.059
0,Katse Rosé 2022 hanapakkaus,12.0,3.0,33.98,11.327,1.059
0,Finca Las Moras Reserve Chardonnay Organico 2021 hanapakkaus,13.0,3.0,36.98,12.327,1.055
0,Buenos Aires Chardonnay Torrontés 2022 hanapakkaus,13.0,3.0,36.99,12.33,1.054
0,Suomi Viina Luomu muovipullo,24.0,0.5,11.38,22.76,1.054
0,Asio Otus Rosato 2021 muovipullo,12.0,1.0,11.39,11.39,1.054
0,Highland Queen Sherry Finish,40.0,0.7,26.59,37.986,1.053
0,Black Velvet,40.0,0.7,26.59,37.986,1.053
0,Baffo Rosso hanapakkaus,12.0,3.0,34.19,11.397,1.053
0,Koskenkorva Spirit Drink 21% muovipullo,21.0,0.5,9.98,19.96,1.052
0,Piqueras Black Label Syrah Monastrell 2019,14.0,0.75,9.98,13.307,1.052
0,Aetos Reserva Privada Chardonnay 2021 hanapakkaus,13.0,3.0,37.06,12.353,1.052
0,Vappu Organic Red 2021,14.0,0.75,9.98,13.307,1.052
0,Monte Perdido Red 2021,14.0,0.75,9.98,13.307,1.052
0,Morande Gran Reserva Syrah 2018,14.0,0.75,9.98,13.307,1.052
0,Rhum Negrita Dark Signature muovipullo,37.5,0.35,12.48,35.657,1.052
0,Kaatoryyppy 60% muovipullo,60.0,0.35,19.97,57.057,1.052
0,Bacardi Carta Negra,40.0,0.7,26.64,38.057,1.051
0,Pellerin Côtes du Rhône Reserve  2022 hanapakkaus,14.0,3.0,39.98,13.327,1.05
0,Casa Marrone Organic Primitivo 2022 hanapakkaus,14.0,3.0,39.98,13.327,1.05
0,Viini(ni) by Teresa Välimäki 2020,14.0,0.75,10.00,13.333,1.05
0,Passo del Sud Lunare hanapakkaus,14.0,3.0,39.98,13.327,1.05
0,Huttunen Hedelmävalkoviini kartonkitölkki,11.0,1.0,10.49,10.49,1.049
0,Bons Ventos Red 2020,13.0,0.75,9.29,12.387,1.049
0,Hummingbird Organic Tempranillo Rosé 2020 kartonkitölkki,11.0,1.0,10.49,10.49,1.049
0,Pohjan Poika Strong Vodka muovipullo,59.0,0.2,11.28,56.4,1.046
0,Perinteinen Punaviiniglögi Luomu,11.0,0.75,7.89,10.52,1.046
0,Koskenkorva Vodka 60% muovipullo,60.0,0.5,28.68,57.36,1.046
0,Highland Bird,40.0,0.35,13.39,38.257,1.046
0,Il Barone Rosso 2019 muovipullo,12.0,1.0,11.47,11.47,1.046
0,Santa Helena Chardonnay 2023 kartonkitölkki,12.5,0.5,5.98,11.96,1.045
0,Asio Otus Pinot Grigio Organic kartonkitölkki,12.0,1.0,11.48,11.48,1.045
0,Aresti Reserva Especial Carmenère 2023 hanapakkaus,13.0,2.0,24.89,12.445,1.045
0,2u Duas Uvas Branco White 2022,12.5,0.75,8.99,11.987,1.043
0,Fabuloso Solera,36.0,1.0,34.52,34.52,1.043
0,2u Duas Uvas Rose 2022,12.5,0.75,8.99,11.987,1.043
0,Susuena Blanc de Noir Bobal 2021,12.5,0.75,8.99,11.987,1.043
0,Baltic Dark muovipullo,37.5,0.5,17.98,35.96,1.043
0,The Original M8 Sauvignon Blanc 2022 kartonkitölkki,12.5,1.0,11.99,11.99,1.043
0,Green Nature muovipullo,12.5,1.0,11.98,11.98,1.043
0,Tarapacá Biodiversity Edition Red Blend 2021,13.0,0.75,9.35,12.467,1.043
0,Ramos Elegant White 2022 hanapakkaus,12.5,3.0,35.99,11.997,1.042
0,Gibson's Premium Pink Distilled Gin,37.5,0.7,25.20,36.0,1.042
0,Gibson's Blood Orange Premium Gin,37.5,0.7,25.20,36.0,1.042
0,Settesoli Pinot Grigio Organic 2022 hanapakkaus,12.5,3.0,35.99,11.997,1.042
0,Old Pascas Dark,37.5,1.0,35.99,35.99,1.042
0,Doppio Passo Organic 2021 hanapakkaus,13.0,3.0,37.48,12.493,1.041
0,Greener Planet Cabernet Sauvignon 2021 muovipullo,13.5,1.0,12.99,12.99,1.039
0,Los Intocables Bourbon Barrel Malbec 2021 hanapakkaus,13.5,3.0,38.99,12.997,1.039
0,Escape Shiraz Cabernet Sauvignon 2020 muovipullo,13.5,1.0,12.99,12.99,1.039
0,Inycon Appassimento Rosso Organic hanapakkaus,13.5,2.0,25.98,12.99,1.039
0,The Highland Way muovipullo,40.0,0.5,19.25,38.5,1.039
0,Casas Patronales Selected Reserve Merlot 2022,13.5,0.75,9.75,13.0,1.038
0,Magic Ice Vodka,37.5,0.2,7.23,36.15,1.037
0,Novopacké Pivo Podkrkonošský Speciál,6.3,0.5,3.04,6.08,1.036
0,Montalto Rosso Organic 2020 muovipullo,13.5,0.75,9.78,13.04,1.035
0,La Mascota Dark Bat Syrah 2020,13.5,0.75,9.79,13.053,1.034
0,C'est Moi Merlot Cabernet Sauvignon,13.5,0.75,9.79,13.053,1.034
0,Sant’Ilia Chardonnay Sauvignon Blanc 2018,13.5,0.75,9.79,13.053,1.034
0,Cerro Blanco Organic Verdejo Chardonnay kartonkitölkki,12.0,0.75,8.71,11.613,1.033
0,Alma Portuguesa 2022 muovipullo,13.0,1.0,12.59,12.59,1.033
0,Tapio Sysi muovipullo,32.0,0.5,15.49,30.98,1.033
0,Rentunruusu Organic Rosé 2022 viinipussi,12.5,1.5,18.15,12.1,1.033
0,Champion muovipullo,28.0,0.7,18.99,27.129,1.032
0,Ching Shih Dark Spiced,32.0,0.7,21.75,31.071,1.03
0,Lush Sauvignon Blanc 2021 hanapakkaus,12.0,3.0,34.98,11.66,1.029
0,Sangre de Toro Organic White Blend 2022 kartonkitölkki,11.3,1.0,10.98,10.98,1.029
0,Filarino Sangiovese Rosé 2022 hanapakkaus,12.0,3.0,34.98,11.66,1.029
0,Glen Parker Single Malt,40.0,0.7,27.20,38.857,1.029
0,Chill Out Chardonnay Australia 2022 muovipullo,13.0,0.75,9.48,12.64,1.028
0,Aecht Schlenkerla Eiche,8.0,0.5,3.89,7.78,1.028
0,Monte da Ravasqueira Clássico 2018,13.0,0.75,9.48,12.64,1.028
0,Karjala tölkki,8.0,0.5,3.89,7.78,1.028
0,Chill Out Merlot Spain  2021 muovipullo,13.0,0.75,9.48,12.64,1.028
0,Moncaro Verdicchio dei Castelli di Jesi Classico Organic 2022 hanapakkaus,12.5,3.0,36.49,12.163,1.028
0,Viña Albali Tempranillo Organic 2021,13.0,0.75,9.48,12.64,1.028
0,Olvi Tuplapukki tölkki,8.5,0.5,4.14,8.28,1.027
0,Pardon My French Cabernet Sauvignon 2022 viinipussi,13.0,1.5,18.99,12.66,1.027
0,Ricossa Barbera Piemonte 2022 hanapakkaus,13.0,3.0,37.98,12.66,1.027
0,762 Tumma,76.2,0.7,51.96,74.229,1.027
0,Rocca di Montemassi Toscana Sangiovese 2020 hanapakkaus,13.0,3.0,37.99,12.663,1.027
0,La Lande Gros Manseng 2019,13.0,0.75,9.49,12.653,1.027
0,Laitilan Kukko Tuima tölkki,8.5,0.33,2.73,8.273,1.027
0,Olvi Tuplapukki 6-pack tölkki,8.5,3.0,24.84,8.28,1.027
0,Peregrinas Syrah 2022,13.5,0.75,9.88,13.173,1.025
0,Vadelma Väkevä Viini muovipullo,15.0,0.75,10.99,14.653,1.024
0,Buen Chico Tinto 2021,15.0,0.75,10.99,14.653,1.024
0,Hienoa Wiinaa muovipullo,38.0,0.35,12.99,37.114,1.024
0,Mustaherukka Väkevä Viini muovipullo,15.0,0.75,10.99,14.653,1.024
0,Prado Pastis,45.0,0.5,21.99,43.98,1.023
0,Moskovskaya Pink Raspberry Lime,38.0,0.7,25.99,37.129,1.023
0,Barbados Rommi muovipullo,37.5,0.35,12.83,36.657,1.023
0,Black Velvet muovipullo,40.0,0.5,19.58,39.16,1.021
0,Finlandia Vodka muovipullo,40.0,0.5,19.58,39.16,1.021
0,Hardys Nottage Hill Cabernet Sauvignon Shiraz 2020 hanapakkaus,14.0,1.5,20.59,13.727,1.02
0,Gazzera Pinot Grigio Moscato Organic 2020,12.5,0.75,9.20,12.267,1.019
0,Just Pinot Grigio 2021,12.5,0.75,9.20,12.267,1.019
0,Mucho Mucho Red Blend 2021 muovipullo,13.0,1.0,12.78,12.78,1.017
0,Azueira AZ Rose 2018,12.0,0.75,8.85,11.8,1.017
0,Kentucky Gentleman,40.0,0.7,27.55,39.357,1.016
0,El Tiempo Semiseco,11.5,0.75,8.49,11.32,1.016
0,Hannibal,11.5,0.75,8.49,11.32,1.016
0,Colbert Napoleon VSOP muovipullo,36.0,0.35,12.40,35.429,1.016
0,Ridgeway Very Bad Elf,7.5,0.5,3.69,7.38,1.016
0,Ridgeway Lump of Coal Dark Holiday Stout,7.5,0.5,3.69,7.38,1.016
0,Footsteps Merlot 2020 hanapakkaus,13.5,2.25,29.91,13.293,1.016
0,Piedemonte T Tempranillo 2020,13.5,0.75,9.98,13.307,1.015
0,Mr Wildman Chardonnay 2022,13.5,0.75,9.98,13.307,1.015
0,Allumea Terre Di Chieti Rosso Organic 2021,13.5,0.75,9.98,13.307,1.015
0,Birds of Paradise Riesling Organic 2022,13.5,0.75,9.98,13.307,1.015
0,Piedemonte M Merlot 2020,13.5,0.75,9.98,13.307,1.015
0,KWV The Guardian Shiraz 2020,13.5,0.75,9.98,13.307,1.015
0,Allumea Nero d'Avola Organic 2022,13.5,0.75,9.98,13.307,1.015
0,Pica-Pau Red 2019,13.5,0.75,9.98,13.307,1.015
0,Tarapacá Biodiversity Cabernet Sauvignon Syrah 2022 hanapakkaus,13.5,1.5,19.98,13.32,1.014
0,Alta Corte Red hanapakkaus,12.5,3.0,36.98,12.327,1.014
0,Inycon Appassimento Rosso Organic 2022 muovipullo,13.5,1.5,19.98,13.32,1.014
0,G Glögi Suklaa & Appelsiini,15.0,0.75,11.09,14.787,1.014
0,Drostdy Hof Chardonnay Viognier Fairtrade 2022 hanapakkaus,12.5,3.0,36.98,12.327,1.014
0,Nemiroff De Luxe Vodka,40.0,0.2,7.89,39.45,1.014
0,Gnarly Head Pinot Noir 2022 hanapakkaus,13.5,3.0,39.98,13.327,1.013
0,Tyryn Marjapontikka,50.0,0.5,24.67,49.34,1.013
0,Nespolino Sangiovese Biologico 2019,13.5,0.75,10.00,13.333,1.013
0,Lurton Into The Woods GSM hanapakkaus,13.0,3.0,38.49,12.83,1.013
0,Le Grand Noir Cabernet Syrah hanapakkaus,13.5,3.0,39.98,13.327,1.013
0,Eastfields Pinotage Rosé 2020 muovipullo,12.5,1.0,12.35,12.35,1.012
0,Tronnes VSOP Reserve muovipullo,36.0,0.5,17.79,35.58,1.012
0,Barra Oak Bay White muovipullo,37.5,0.35,12.98,37.086,1.011
0,Raza Selection Malbec Shiraz Organic 2017,13.0,0.75,9.65,12.867,1.01
0,Vikingfjord Vodka,37.5,0.7,25.98,37.114,1.01
0,Fritz Walter Riesling Trocken 2022 kartonkitölkki,12.0,1.0,11.88,11.88,1.01
0,Magic Moments Lemongrass & Ginger Flavoured Vodka,37.5,0.7,25.98,37.114,1.01
0,Olvi Tuplapukki 8-pack tölkki,8.5,2.64,22.24,8.424,1.009
0,Escapada Branco 2022,12.5,0.75,9.29,12.387,1.009
0,Soberano Solera,36.0,0.7,24.99,35.7,1.008
0,M de Murviedro Bobal Rosé,11.5,0.75,8.57,11.427,1.006
0,Tarapacá Biodiversity Edition White Blend 2023,12.5,0.75,9.35,12.467,1.003
0,Flat Roof Manor Sauvignon Blanc 2022 muovipullo,12.0,1.0,11.98,11.98,1.002
0,Dream Pink Organic Rosé 2022 muovipullo,12.0,1.0,11.98,11.98,1.002
0,Footmark Organic White 2022 muovipullo,12.0,1.0,11.98,11.98,1.002
0,Katse Crispy White 2022 muovipullo,12.0,0.75,8.98,11.973,1.002
0,Barone Montalto Rosso kartonkitölkki,13.0,0.5,6.49,12.98,1.002
0,Valcatrina Branco 2022 muovipullo,12.0,1.0,11.98,11.98,1.002
0,Wine Tunes Funky Soul Colombard 2021 kartonkitölkki,11.0,1.0,10.98,10.98,1.002
0,Festivo Riesling kartonkitölkki,10.0,1.0,9.98,9.98,1.002
0,JP. Chenet Medium Sweet 2021 hanapakkaus,11.5,3.0,34.48,11.493,1.001
0,Zaccagnini Montepulciano d'Abruzzo 2021 hanapakkaus,12.5,3.0,37.48,12.493,1.001
0,Credencial Touriga Nacional 2017,14.0,0.75,10.49,13.987,1.001
0,Boa Noite Lisboa 2020,14.5,0.75,10.86,14.48,1.001
0,Nemiroff De Luxe,40.0,0.5,19.99,39.98,1.001
0,Törni Viina muovipullo,30.0,0.5,14.98,29.96,1.001
0,LAB Tinto 2020 muovipullo,13.0,1.0,12.99,12.99,1.001
0,Greener Planet Marsanne Chardonnay 2022 muovipullo,13.0,1.0,12.99,12.99,1.001
0,Farmers Market Organic Red,14.0,0.75,10.49,13.987,1.001
0,Nemiroff De Luxe Rested in Barrel Vodka,40.0,0.7,27.98,39.971,1.001
0,Greenfield Organic VSOP muovipullo,36.0,0.5,17.99,35.98,1.001
0,J.P. Wisers 10 Year Old Triple Barrel muovipullo,40.0,0.35,13.99,39.971,1.001
0,Nobleza Medium Dry Sherry,20.0,0.75,14.98,19.973,1.001
0,Vana Tallinn,40.0,0.5,19.98,39.96,1.001
0,Concorde VSOP 5 Years muovipullo,36.0,0.5,17.99,35.98,1.001
0,Colossal Reserva Red 2018,14.0,0.75,10.49,13.987,1.001
0,Kallary Rosso Primitivo Passitivo 2022 kartonkitölkki,14.0,1.0,13.98,13.98,1.001
0,Kalle Viina muovipullo,40.0,0.5,19.99,39.98,1.001
0,Santa Julia Organic Malbec 2022 kartonkitölkki,12.5,1.0,12.49,12.49,1.001
0,Maritimo Tinto,12.0,0.75,8.99,11.987,1.001
0,Espíritu de Chile Selección Red viinipussi,13.0,1.5,19.48,12.987,1.001
0,The Glenlee,40.0,0.7,27.98,39.971,1.001
0,Bardinet XO,40.0,0.7,27.98,39.971,1.001
0,Espíritu de Chile Premium Red hanapakkaus,12.5,2.0,24.99,12.495,1.0
0,Weinmann Klassik Grüner Veltliner 2022 hanapakkaus,12.0,3.0,35.99,11.997,1.0
0,LAB Best In Show White 2021 hanapakkaus,12.5,2.0,24.99,12.495,1.0
0,Zen Garden Pfalz Pinot Noir 2021 hanapakkaus,12.5,2.0,24.99,12.495,1.0
0,Buco Nero Malbec 2022 hanapakkaus,13.0,3.0,38.99,12.997,1.0
0,Two Oceans Sauvignon Blanc 2022 hanapakkaus,12.0,3.0,35.99,11.997,1.0
0,Karjala 4,4.5,0.33,1.49,4.515,0.997
0,Courriere XO,40.0,0.7,28.09,40.129,0.997
0,Yali Summertime Syrah Rosé 2021,13.0,0.75,9.79,13.053,0.996
0,Sancrispino Bio Rosato kartonkitölkki,12.5,0.5,6.28,12.56,0.995
0,Old Virginia 6 Year Old,40.0,0.7,28.19,40.271,0.993
0,Ronsard Napoléon VSOP,36.0,0.7,25.38,36.257,0.993
0,Arthur Metz Pinot Pinot & Cie 2020 hanapakkaus,13.0,2.25,29.47,13.098,0.993
0,Sympathy for the Devil Verdejo Sauvignon Blanc 2022 muovipullo,12.5,1.0,12.60,12.6,0.992
0,Duval Pastis,45.0,0.5,22.68,45.36,0.992
0,Hollandia Strong tölkki,7.5,0.5,3.78,7.56,0.992
0,Bokma Oude Friesche Genever,38.0,0.5,19.16,38.32,0.992
0,Koskenkorva Vodka Vanilla,37.5,0.7,26.48,37.829,0.991
0,Koskenkorva Raspberry Pine,37.5,0.7,26.48,37.829,0.991
0,Koskenkorva Vodka Blueberry Juniper,37.5,0.7,26.48,37.829,0.991
0,Koskenkorva Vodka Sauna Barrel,37.5,0.7,26.48,37.829,0.991
0,Bacardi Coconut,32.0,0.7,22.63,32.329,0.99
0,Savon Wiinaa,38.0,0.5,19.20,38.4,0.99
0,Asio Otus Bianco Organic 2022 muovipullo,12.0,1.5,18.18,12.12,0.99
0,Bacardi Razz,32.0,0.7,22.63,32.329,0.99
0,Bacardi Limón,32.0,0.7,22.63,32.329,0.99
0,Casa Vinironia Appassimento kartonkitölkki,14.5,0.75,10.98,14.64,0.99
0,Castillo Murviedro Tempranillo 2021,12.5,0.75,9.48,12.64,0.989
0,Törni Leikattu muovipullo,38.0,0.5,19.21,38.42,0.989
0,Aroma de Corazón Tinto 2021,12.5,0.75,9.48,12.64,0.989
0,Bird's Tree Red 2021,12.5,0.75,9.48,12.64,0.989
0,Viña Albali Verdejo Organic 2022,12.5,0.75,9.48,12.64,0.989
0,Laroche Chardonnay L 2022 hanapakkaus,13.0,3.0,39.48,13.16,0.988
0,Gnarly Head Chardonnay 2022 hanapakkaus,13.5,3.0,40.99,13.663,0.988
0,Bell's Original,40.0,1.0,40.50,40.5,0.988
0,Negrita Spiced Golden,35.0,0.7,24.80,35.429,0.988
0,2U Duas Uvas Rose 2022 viinipussi,12.5,1.5,18.99,12.66,0.987
0,Havana Club Añejo 3 Años,37.5,1.0,37.98,37.98,0.987
0,Adobe Rosé Organic 2022 viinipussi,12.5,1.5,18.99,12.66,0.987
0,Chill Out Chenin Blanc South Africa 2022 viinipussi,12.5,1.5,18.99,12.66,0.987
0,Arctic Italian Citrus Organic Dry Gin muovipullo,37.5,0.5,18.99,37.98,0.987
0,2U Duas Uvas White 2022 viinipussi,12.5,1.5,18.99,12.66,0.987
0,Torres 10 Reserva Imperial,38.0,0.7,26.99,38.557,0.986
0,Tsingtao Strong Lager,8.9,0.33,2.98,9.03,0.986
0,Zensa Rosso Organico 2021,13.5,0.75,10.28,13.707,0.985
0,Elmo hanapakkaus,11.0,3.0,33.49,11.163,0.985
0,Jam Shed Shiraz 2022,13.5,0.75,10.28,13.707,0.985
0,FlipFlop Californian White 2021 kartonkitölkki,11.5,1.0,11.69,11.69,0.984
0,Hardys Nottage Hill Chardonnay 2022 hanapakkaus,13.5,1.5,20.59,13.727,0.983
0,Lauder's,40.0,0.7,28.50,40.714,0.982
0,Petó Organic White Wine,11.5,0.75,8.79,11.72,0.981
0,Zalmiakki Salmiakki Shotti muovipullo,30.0,0.5,15.29,30.58,0.981
0,Koskenkorva Vodka Climate Action,40.0,0.7,28.58,40.829,0.98
0,Lisboa Bonita 2020,13.5,0.75,10.34,13.787,0.979
0,Koff tölkki,4.6,0.33,1.55,4.697,0.979
0,L'Auratae Organic Catarratto Pinot Grigio 2022,13.0,0.75,9.98,13.307,0.977
0,Nero Grande Negroamaro Cabernet Sauvignon 2022,13.0,0.75,9.98,13.307,0.977
0,KWV The Guardian Sauvignon Blanc 2022,13.0,0.75,9.98,13.307,0.977
0,Du Kif Rosé 2019,13.0,0.75,9.98,13.307,0.977
0,Casal Garcia Douro Red 2019,13.0,0.75,9.98,13.307,0.977
0,MontGras De Vine Reserva Zinfandel 2021,13.0,0.75,9.98,13.307,0.977
0,Viña Albali Reserva 2018,13.0,0.75,9.98,13.307,0.977
0,Chavin Cabernet Sauvignon 2022,13.0,0.75,9.98,13.307,0.977
0,Masseria Trajone Negroamaro Primitivo 2020,13.0,0.75,9.98,13.307,0.977
0,Puolustuslaitos Leikattua,38.0,0.5,19.47,38.94,0.976
0,Bubo Real Malbec 2021 viinipussi,13.0,1.5,19.98,13.32,0.976
0,Moncaro Organic White 2022 hanapakkaus,13.0,1.5,19.98,13.32,0.976
0,Ruppertsberger Trocken Riesling 2022 viinipussi,13.0,1.5,19.98,13.32,0.976
0,Blue Pompano 2022 muovipullo,13.0,0.75,9.99,13.32,0.976
0,Jacob's Creek Grenache Shiraz 2022,14.5,0.75,11.14,14.853,0.976
0,Lynx Chardonnay Barrel-Aged 2021 hanapakkaus,13.0,3.0,39.98,13.327,0.975
0,Viva Valentina Organic Sangiovese 2020 hanapakkaus,13.0,3.0,39.98,13.327,0.975
0,Aires Del Sur Barrel Aged Organic 2021,13.5,0.75,10.38,13.84,0.975
0,Saimaa Vahva Lager tölkki,7.0,0.5,3.59,7.18,0.975
0,Viva Valentina Organic Pinot Grigio 2022 hanapakkaus,13.0,3.0,39.98,13.327,0.975
0,4 Uvas 2019,13.5,0.75,10.38,13.84,0.975
0,Specht Slivovitz,40.0,0.7,28.76,41.086,0.974
0,Bardinet VSOP,36.0,0.2,7.39,36.95,0.974
0,Koff Stallion tölkki,7.2,0.5,3.70,7.4,0.973
0,Chapel Hill Grüner Veltliner 2018,12.0,0.75,9.25,12.333,0.973
0,JP. Chenet Grande Noblesse VSOP,36.0,0.5,18.49,36.98,0.973
0,Cono Sur Bicicleta Riesling 2022 hanapakkaus,12.0,3.0,36.98,12.327,0.973
0,Tronnes XO,36.0,0.7,25.90,37.0,0.973
0,Neuzeller Weihnachtsbier Lager Hell,6.2,0.5,3.19,6.38,0.972
0,El Tiempo Blanco,11.0,0.75,8.49,11.32,0.972
0,Winemalia White Bear Blend 2021,12.5,0.75,9.65,12.867,0.971
0,Tronnes Napoleon muovipullo,36.0,0.35,12.98,37.086,0.971
0,Reh Kendermann Vom Kalkstein Riesling 2020 hanapakkaus,12.5,2.25,28.95,12.867,0.971
0,Kvint Divin VSOP,40.0,0.7,28.88,41.257,0.97
0,Ollinmäen Marjapontikka,46.0,0.35,16.60,47.429,0.97
0,S’Cape Grande Reserve Syrah Cabernet Sauvignon Pinotage 2022 muovipullo,14.0,0.75,10.83,14.44,0.97
0,Portada Winemaker´s Selection White 2022,12.0,0.75,9.29,12.387,0.969
0,Fresita White Strawberries Extra Dry,12.0,0.75,9.29,12.387,0.969
0,Plantation 3 Stars Silver,41.2,0.7,29.75,42.5,0.969
0,Black Tower Riesling 2022 hanapakkaus,11.5,3.0,35.65,11.883,0.968
0,Mayu Reserva Syrah Carménère Apassimento 2022 muovipullo,14.0,1.0,14.48,14.48,0.967
0,Big Top Zinfandel 2020 muovipullo,14.5,1.0,14.99,14.99,0.967
0,Two Princes Pinot Grigio 2021 kartonkitölkki,12.0,1.0,12.41,12.41,0.967
0,Hans Baer Riesling Trocken hanapakkaus,11.5,3.0,35.68,11.893,0.967
0,Scientifically Proven Italian Zinfandel muovipullo,14.5,1.0,14.99,14.99,0.967
0,Cuma Organic Torrontés 2022,13.5,0.75,10.48,13.973,0.966
0,Nemiroff Flavoured Bold Orange Vodka,40.0,0.7,28.98,41.4,0.966
0,Vid-a Organic 2018,13.5,0.75,10.48,13.973,0.966
0,Courriere Napoleon Finest VSOP muovipullo,36.0,0.2,7.45,37.25,0.966
0,Jaloviina ***,40.0,0.7,28.99,41.414,0.966
0,Cuma Malbec Organic 2022,13.5,0.75,10.48,13.973,0.966
0,Nemiroff Flavoured Burning Pear Vodka,40.0,0.7,28.99,41.414,0.966
0,Plantation O.F.T.D,69.0,0.7,49.99,71.414,0.966
0,Nemiroff Flavoured Wild Cranberry Vodka,40.0,0.7,28.99,41.414,0.966
0,Nemiroff Flavoured Honey Pepper Vodka,40.0,0.7,28.98,41.4,0.966
0,Enzo Bartoli Langhe Rosso 2021 hanapakkaus,13.5,3.0,41.95,13.983,0.965
0,Santa Carolina Reserva Pinot Noir 2019,13.5,0.75,10.49,13.987,0.965
0,Farmers Market Organic Bianco,13.5,0.75,10.49,13.987,0.965
0,Farmers Market Organic Rosé,13.5,0.75,10.49,13.987,0.965
0,Calvet Rosé 2021 viinipussi,12.5,1.5,19.45,12.967,0.964
0,Joseph Pellerin Cotes du Rhone Rouge 2020 kartonkitölkki,14.0,0.75,10.89,14.52,0.964
0,Quinta Las Cabras Cabernet Sauvignon Merlot 2013,13.5,1.5,21.00,14.0,0.964
0,Barone Ricasoli Formulae Toscana 2021 hanapakkaus,13.5,3.0,41.99,13.997,0.964
0,Graziosa Rosato 2022,12.0,0.75,9.35,12.467,0.963
0,El Copero 2021,12.0,0.75,9.35,12.467,0.963
0,Botter Pinot Bianco 2021,12.0,0.75,9.35,12.467,0.963
0,Espíritu de Chile Selección White viinipussi,12.5,1.5,19.48,12.987,0.963
0,JP. Chenet Cabernet Syrah 2021,13.0,0.75,10.13,13.507,0.962
0,Lumoava Mustikka glögi,15.0,0.75,11.69,15.587,0.962
0,We Care Chardonnay Chenin Blanc 2023 muovipullo,12.5,1.0,12.99,12.99,0.962
0,Helmi Kahvilikööri muovipullo,20.0,0.35,7.28,20.8,0.962
0,Montalto Pinot Grigio 2022 muovipullo,12.0,1.0,12.49,12.49,0.961
0,Achillea by Lenz Moser Grüner Veltliner 2022 kartonkitölkki,12.0,1.0,12.49,12.49,0.961
0,Torres Spiced,35.0,0.7,25.50,36.429,0.961
0,Expedition Grüner Veltliner 2021 muovipullo,12.0,1.0,12.49,12.49,0.961
0,Omppu Helmeilevä Omenaviini muovipullo,11.5,0.75,8.99,11.987,0.959
0,Devil's Rock Riesling 2022 hanapakkaus,11.5,3.0,35.99,11.997,0.959
0,Pierre Chavin Sauvignon Blanc Colombard Gros Manseng 2022 kartonkitölkki,11.5,1.0,11.99,11.99,0.959
0,Helmeilevä Omenaviini muovipullo,11.5,0.75,8.99,11.987,0.959
0,La Belle Angèle Rosé 2021,12.5,0.75,9.79,13.053,0.958
0,Casa Nostra Organica 2017,12.5,0.75,9.79,13.053,0.958
0,Koff 8-pack tölkki,4.5,2.64,12.40,4.697,0.958
0,Ville di Antanè Soave 2019,12.5,0.75,9.79,13.053,0.958
0,Care Blanco Sobre Lías 2021,13.0,0.75,10.19,13.587,0.957
0,Moshi Moshi Organic Red,14.0,0.75,10.98,14.64,0.956
0,Aalborg Jubilæums Akvavit muovipullo,40.0,0.5,20.93,41.86,0.956
0,Fish Hoek Shiraz 2021,14.0,0.75,10.99,14.653,0.955
0,Durius Tempranillo 2020,14.0,0.75,10.99,14.653,0.955
0,El Tiempo Blanco hanapakkaus,10.5,2.0,21.99,10.995,0.955
0,Santa Julia Innovacion Malbec 2022,14.0,0.75,10.99,14.653,0.955
0,Ballantine's Finest muovipullo,40.0,0.5,20.98,41.96,0.953
0,Minttu Peppermint,40.0,0.5,20.99,41.98,0.953
0,Prinssi Eversti muovipullo,40.0,0.35,14.69,41.971,0.953
0,Casanis Pastis,45.0,0.5,23.64,47.28,0.952
0,Simonsig Cape Vintage Reserve 2015,19.0,0.75,14.98,19.973,0.951
0,A. Le Coq Double Bock,7.0,0.5,3.68,7.36,0.951
0,Loimu Luomuglögi,10.0,0.75,7.89,10.52,0.951
0,Stroh,54.0,0.5,28.40,56.8,0.951
0,Porrais Douro 2020 hanapakkaus,13.0,3.0,40.99,13.663,0.951
0,Magyar Fehér Bor,11.0,0.75,8.68,11.573,0.95
0,Bird's Tree 2022,12.0,0.75,9.48,12.64,0.949
0,Whyte & Mackay,40.0,0.7,29.49,42.129,0.949
0,The Latitude 55 Smoky muovipullo,40.0,0.35,14.75,42.143,0.949
0,Villa Anna Soave 2022,12.0,0.75,9.48,12.64,0.949
0,Molnár Paulus Gold Ezerjó 2018,12.0,0.75,9.48,12.64,0.949
0,Metsmaasikas Wild Strawberry,21.0,0.5,11.08,22.16,0.948
0,Devil's Rock Pinot Grigio 2020,13.0,0.75,10.28,13.707,0.948
0,Klostergarten Riesling 2022 hanapakkaus,12.0,3.0,37.99,12.663,0.948
0,Casillero del Diablo Sauvignon Blanc Muscat Riesling 2022 hanapakkaus,12.0,1.5,18.99,12.66,0.948
0,Codorníu Albariño Organic 2022 hanapakkaus,12.0,3.0,37.99,12.663,0.948
0,Les Fumées Blanches Sauvignon Blanc 2022 hanapakkaus,12.0,3.0,37.98,12.66,0.948
0,William Peel,40.0,0.35,14.79,42.257,0.947
0,Aalborg Dild Akvavit,38.0,0.7,28.08,40.114,0.947
0,Casa Santos Lima Fortíssimo 2021,14.5,0.75,11.49,15.32,0.946
0,Lignell & Piispanen Kataja-Pihlajanmarja muovipullo,21.0,0.5,11.10,22.2,0.946
0,Gustav Arctic Vodka,40.0,0.7,29.59,42.271,0.946
0,Cal Y Canto Full Red 2022,13.0,0.75,10.31,13.747,0.946
0,Pitch Algarve 2021,14.5,0.75,11.49,15.32,0.946
0,Seagram's VO,40.0,0.7,29.60,42.286,0.946
0,Koskenkorva Vodka 60 % muovipullo,60.0,0.2,12.68,63.4,0.946
0,Shaman's Black Label Vodka,40.0,0.7,29.59,42.271,0.946
0,Antiche Terre Venete Vino Rosato Biologico 2022 hanapakkaus,12.5,2.0,26.42,13.21,0.946
0,Tappara Estenas Blanco 2020,12.0,0.75,9.52,12.693,0.945
0,Leijona Minttu-Suklaa Shot muovipullo,30.0,0.5,15.89,31.78,0.944
0,Leijona Pastilli Shot muovipullo,30.0,0.5,15.89,31.78,0.944
0,Rentunruusu Organic Rosé viinipussi,12.5,1.5,19.89,13.26,0.943
0,Silk & Spice Red Blend 2020 hanapakkaus,13.5,3.0,42.98,14.327,0.942
0,Glen Scanlan,40.0,0.2,8.49,42.45,0.942
0,Label 5,40.0,0.2,8.49,42.45,0.942
0,Casa Cavallo 2016 hanapakkaus,13.0,3.0,41.49,13.83,0.94
0,Isidoros Arvanitis Ouzo Of Plomari,40.0,0.7,29.78,42.543,0.94
0,Winkler-Hermaden Sauvignon Blanc  2020,12.5,0.75,9.98,13.307,0.939
0,Monte dos Amigos Rosé 2020,12.5,0.75,9.98,13.307,0.939
0,Helle Pinot Noir Rosé 2020,12.5,0.75,9.98,13.307,0.939
0,Earth Song Chenin Blanc Sauvignon Blanc 2022,12.5,0.75,9.98,13.307,0.939
0,Santa Vittoria Max Langhe Rosato  2019,12.5,0.75,9.98,13.307,0.939
0,Caravan Sauvignon Blanc Riesling 2021,12.5,0.75,9.98,13.307,0.939
0,Frey Katharinenhof Organic Silvaner Riesling	 2022,12.5,0.75,9.98,13.307,0.939
0,2u Duas Uvas White Sparkling Brut 2019,12.5,0.75,9.98,13.307,0.939
0,Portada Winemaker´s Selection Red 2021,12.5,0.75,9.98,13.307,0.939
0,Hiden Schilcher Klassik Rosé 2019,12.5,0.75,9.98,13.307,0.939
0,El Abuelo Garnacha Tintorera Monastrell Organic 2021,15.0,0.75,11.98,15.973,0.939
0,Absolut Citron,40.0,0.5,21.29,42.58,0.939
0,Setencostas Fresh & Fruity 2021,12.5,0.75,9.98,13.307,0.939
0,Two Oceans Pinot Grigio 2022,12.5,0.75,9.98,13.307,0.939
0,Longford Estate Pinot Noir Rose 2020,12.5,0.75,9.98,13.307,0.939
0,Classy Jessy Chardonnay 2022 viinipussi,12.5,1.5,19.98,13.32,0.938
0,Rosière Syrah 2022 muovipullo,12.5,0.75,9.99,13.32,0.938
0,Two Oceans Pinot Grigio 2022 viinipussi,12.5,1.5,19.98,13.32,0.938
0,The Vegan Wine Project Shiraz 2018,13.5,0.75,10.80,14.4,0.938
0,Tommasi Graticcio Appassionato 2020 hanapakkaus,12.5,3.0,39.98,13.327,0.938
0,Smirnoff Vodka,37.5,0.35,13.99,39.971,0.938
0,Farrell Irish Whiskey,40.0,0.7,29.90,42.714,0.936
0,Greenfield Organic Gin,40.0,0.7,29.90,42.714,0.936
0,Puolukkavodka Cocktail muovipullo,16.0,0.7,11.98,17.114,0.935
0,Gin Lemon muovipullo,16.0,0.7,11.98,17.114,0.935
0,Tausendhügel Dry Riesling 2022 hanapakkaus,12.0,3.0,38.49,12.83,0.935
0,Absolut Passionfruit Vodka,38.0,0.7,28.49,40.7,0.934
0,Penny Packer,40.0,0.7,29.99,42.843,0.934
0,Absolut Watermelon,38.0,0.7,28.49,40.7,0.934
0,Skyy Vodka,40.0,0.7,29.99,42.843,0.934
0,Bardinet Coffee,28.0,0.7,20.98,29.971,0.934
0,Absolut Vodka,40.0,0.35,14.99,42.829,0.934
0,Kyrö Vodka,40.0,0.7,29.99,42.843,0.934
0,Avignonesi Cantaloro Toscana Rosso Organic 2019 hanapakkaus,14.0,3.0,44.98,14.993,0.934
0,Bacardi Spiced,35.0,0.7,26.22,37.457,0.934
0,Pierre Chavin Côtes de Gascogne Cuvée Réserve 2022 hanapakkaus,11.5,3.0,36.98,12.327,0.933
0,Green Soul Organic Riesling hanapakkaus,11.5,3.0,36.98,12.327,0.933
0,Viña Esmeralda  2021 hanapakkaus,11.5,3.0,36.98,12.327,0.933
0,Chymos Café muovipullo,21.0,0.35,7.89,22.543,0.932
0,Carlow Cuttings Botanical Spirit,37.5,0.7,28.16,40.229,0.932
0,Carillo muovipullo,21.0,0.7,15.78,22.543,0.932
0,Casillero del Diablo Pinot Noir 2022,13.5,0.75,10.88,14.507,0.931
0,Ecologica Reserve Organic Shiraz Malbec 2019,13.0,0.75,10.48,13.973,0.93
0,Hardys Nottage Hill Shiraz 2021 muovipullo,14.0,0.75,11.29,15.053,0.93
0,Santiago 1541 Sauvignon Blanc Riesling,13.0,0.75,10.49,13.987,0.929
0,Courriere VSOP Organic muovipullo,36.0,0.2,7.76,38.8,0.928
0,Lapin Kulta A 8-pack tölkki,5.2,2.64,14.80,5.606,0.928
0,Canadian Club,40.0,0.7,30.20,43.143,0.927
0,Baluarte Rosado 2021,12.5,0.75,10.11,13.48,0.927
0,The Dundee,40.0,0.7,30.22,43.171,0.927
0,Coquerel Fine Calvados,40.0,0.7,30.20,43.143,0.927
0,Hankey Bannister,40.0,0.2,8.66,43.3,0.924
0,Valittu Tuisku 2022 muovipullo,12.0,1.0,12.99,12.99,0.924
0,Martini Bitter,28.5,0.7,21.58,30.829,0.924
0,Villa Wolf Riesling 2021 kartonkitölkki,12.0,1.0,12.99,12.99,0.924
0,Les Fumées Blanches Vin Biologique Rosé 2022 hanapakkaus,12.0,3.0,38.99,12.997,0.923
0,Chymos Mansikka Väkevä Marjaviini,15.0,0.75,12.19,16.253,0.923
0,Chymos Kirsikka Väkevä Marjaviini,15.0,0.75,12.19,16.253,0.923
0,Chymos Mustikka Väkevä Marjaviini,15.0,0.75,12.19,16.253,0.923
0,Loimu 2023,15.0,0.75,12.19,16.253,0.923
0,Santerra Syrah 2022,12.0,0.75,9.75,13.0,0.923
0,Chymos Mustaherukka Väkevä Marjaviini,15.0,0.75,12.19,16.253,0.923
0,Mighty Hard Summer Cider tölkki,5.5,0.5,2.98,5.96,0.923
0,Mighty Hard Cider tölkki,5.5,0.5,2.98,5.96,0.923
0,Chymos Ruska Väkevä Marjaviini,15.0,0.75,12.19,16.253,0.923
0,Chymos Karpalo Väkevä Marjaviini,15.0,0.75,12.19,16.253,0.923
0,Captain Morgan White Rum,37.5,0.7,28.48,40.686,0.922
0,Smoking Loon Old Vine Zinfandel,14.5,0.75,11.79,15.72,0.922
0,Stoli Vanil,37.5,0.7,28.49,40.7,0.921
0,Koskenkorva Vodka Organic,37.5,0.7,28.49,40.7,0.921
0,Shine Bright 2022 kartonkitölkki,11.5,1.0,12.49,12.49,0.921
0,Sangre de Toro Original Organic  2021,13.5,0.75,10.99,14.653,0.921
0,Casal Garcia Vinho Tinto 2020,13.5,0.75,10.99,14.653,0.921
0,Murviedro Colección Reserva 2017,13.5,0.75,10.99,14.653,0.921
0,The Original M8 2021,13.5,0.75,10.99,14.653,0.921
0,Finlandia Mango,37.5,0.7,28.49,40.7,0.921
0,Stoli Cucumber,37.5,0.7,28.49,40.7,0.921
0,Stoli Salted Karamel,37.5,0.7,28.49,40.7,0.921
0,Adobe Reserva Merlot Organic 2022,13.5,0.75,10.99,14.653,0.921
0,Casillero del Diablo Cabernet Sauvignon Reserva 2021,13.5,0.75,10.99,14.653,0.921
0,Zensa Rosé Organico 2021,13.5,0.75,10.99,14.653,0.921
0,Birds of Paradise Malbec 2021,13.5,0.75,10.99,14.653,0.921
0,Finlandia Grapefruit,37.5,0.7,28.49,40.7,0.921
0,Avignonesi Toscana Rosso Organic 2022 viinipussi,13.5,1.5,21.99,14.66,0.921
0,Casillero del Diablo Reserva Shiraz 2019,13.5,0.75,10.99,14.653,0.921
0,Adobe Cabernet Sauvignon Merlot Organic 2021,13.5,0.75,10.99,14.653,0.921
0,Adobe Reserva Chardonnay 2022,13.5,0.75,10.99,14.653,0.921
0,Jam Shed Merlot 2020,13.5,0.75,10.99,14.653,0.921
0,Finlandia Blackcurrant,37.5,0.7,28.49,40.7,0.921
0,Helle Rivaner Riesling 2022,12.0,0.75,9.79,13.053,0.919
0,Törley Talisman Demi Sec,12.0,0.75,9.79,13.053,0.919
0,Rosa & Dito 2021,12.0,0.75,9.79,13.053,0.919
0,Helmeilevä Päärynäviini muovipullo,11.0,0.75,8.99,11.987,0.918
0,Grand Sud Moelleux 2021,11.0,1.0,11.98,11.98,0.918
0,Royal Salmiakki Snapsi muovipullo,19.0,0.7,14.49,20.7,0.918
0,Greta und Ingrid Sekt Trocken,11.0,0.75,8.99,11.987,0.918
0,Helmeilevä Karpaloviini muovipullo,11.0,0.75,8.99,11.987,0.918
0,Helmeilevä Vadelma-mustikkaviini muovipullo,11.0,0.75,8.99,11.987,0.918
0,Gustav Blueberry Vodka,40.0,0.7,30.50,43.571,0.918
0,Maritimo Blanco,11.0,0.75,8.99,11.987,0.918
0,Bacardi Carta Blanca muovipullo,37.5,0.5,20.44,40.88,0.917
0,G Valkoviiniglögi Luomu,10.0,0.75,8.19,10.92,0.916
0,Talvikki Rosé Glögi,10.0,0.75,8.19,10.92,0.916
0,Nordfors Luomu Valkoviiniglögi muovipullo,10.0,0.75,8.19,10.92,0.916
0,Blossa Ekologisk Vinglögg,10.0,0.75,8.19,10.92,0.916
0,Blossa Ekologisk Vinglögg hanapakkaus,10.0,1.5,16.39,10.927,0.915
0,Greenall's Original London Dry Gin,40.0,0.7,30.59,43.7,0.915
0,Zin Zupreme Zinfandel 2020,14.0,0.75,11.49,15.32,0.914
0,Castano Ecologico Monastrell 2020,14.0,0.75,11.49,15.32,0.914
0,Peñasol Sangria muovipullo,7.0,1.5,11.49,7.66,0.914
0,Esporão Monte Velho Biológico 2019,14.0,0.75,11.49,15.32,0.914
0,SAAM Chenin Blanc,14.0,0.75,11.49,15.32,0.914
0,Alexander Organic Vodka,38.0,0.7,29.17,41.671,0.912
0,Santa Ana Organic Shiraz Rosé 2019,13.0,0.75,10.69,14.253,0.912
0,Marques de Verdellano Macabeo 2018 hanapakkaus,11.5,10.0,126.12,12.612,0.912
0,Pasqua Chardonnay di Puglia 2022,12.5,0.75,10.28,13.707,0.912
0,Pasqua Merlot Trevenezie 2022,12.5,0.75,10.28,13.707,0.912
0,Café Kahvilikööri muovipullo,20.0,0.5,10.98,21.96,0.911
0,Château Bourdicotte 2018,12.5,0.75,10.29,13.72,0.911
0,Rockstein Riesling 2022 kartonkitölkki,12.0,0.5,6.59,13.18,0.91
0,Asio Otus Sauvignon Blanc kartonkitölkki,12.0,0.5,6.59,13.18,0.91
0,O.P. Anderson Petronella,30.0,0.7,23.09,32.986,0.909
0,Scandinavian Salmiak Chili,30.0,0.7,23.11,33.014,0.909
0,Hohenthanner Winterfestbier,5.8,0.5,3.19,6.38,0.909
0,Satokausi Rosé  2022 hanapakkaus,11.5,3.0,37.98,12.66,0.908
0,Femar Vini Gran Appasso 2021,14.5,0.75,11.98,15.973,0.908
0,Epicuro Z Zinfandel Organic 2022,14.5,0.75,11.98,15.973,0.908
0,Sancrispino Syrah Merlot Organic kartonkitölkki,13.0,0.25,3.58,14.32,0.908
0,Ogier Artesis Côtes du Rhône 2022 hanapakkaus,13.0,3.0,42.98,14.327,0.907
0,Purity Vodka Ultra 34 Premium,40.0,1.0,44.09,44.09,0.907
0,Rum Nr. 7 Black muovipullo,37.5,0.2,8.29,41.45,0.905
0,Cutty Sark,40.0,0.7,30.99,44.271,0.904
0,Espiritu de Chile Cabernet Sauvignon 2021,13.0,0.375,5.39,14.373,0.904
0,Moshi Moshi Riesling 2022 hanapakkaus,11.0,3.0,36.49,12.163,0.904
0,Zingled Out Zinfandel,14.0,1.0,15.50,15.5,0.903
0,Abbaye d'Aulne Christmas Beer,9.0,0.33,3.29,9.97,0.903
0,Dark Rosé by Tuure Boelius 2022 hanapakkaus,12.0,2.25,29.90,13.289,0.903
0,Era Grüner Veltliner 2020,12.0,0.75,9.98,13.307,0.902
0,LYV Sauvignon Blanc,12.0,0.75,9.98,13.307,0.902
0,La Petite Gargotte Cinsault Rose 2022,12.0,0.75,9.98,13.307,0.902
0,Pir Riesling Italien Blush 2020,12.0,0.75,9.98,13.307,0.902
0,Cavit Sanvigilio Pinot Grigio 2022,12.0,0.75,9.98,13.307,0.902
0,O. P. Anderson Aquavit,40.0,0.5,22.18,44.36,0.902
0,Lahofer Veltlínské Zelené 2018,12.0,0.75,9.98,13.307,0.902
0,2u Duas Uvas Rose Sparkling Brut 2018,12.0,0.75,9.98,13.307,0.902
0,Villa Wolf Pinot Noir Rosé Dry 2020,12.0,0.75,9.98,13.307,0.902
0,Fauve Rose 2022,12.0,0.75,9.98,13.307,0.902
0,Vecchia Romagna Etichetta Nera,38.0,0.7,29.50,42.143,0.902
0,Blossa 23,15.0,0.75,12.49,16.653,0.901
0,Opera Roses Chiaretto 2019,12.0,0.75,9.99,13.32,0.901
0,Black Tower Rose 2022 viinipussi,12.0,1.5,19.98,13.32,0.901
0,Welmoed Shiraz Pinotage 2022 hanapakkaus,13.5,1.5,22.48,14.987,0.901
0,Little Sheep Pinot Grigio 2022 muovipullo,12.0,0.75,9.99,13.32,0.901
0,St-Rémy Authentic VSOP,36.0,0.7,27.98,39.971,0.901
0,Schmucker Rosé Bock,8.0,0.5,4.44,8.88,0.901
0,JP. Chenet Cabernet-Syrah 2019 viinipussi,12.0,1.5,19.98,13.32,0.901
0,Freesoul Falanghina Organic 2021 muovipullo,12.0,0.75,9.99,13.32,0.901
0,Kilbeggan,40.0,0.7,31.07,44.386,0.901
0,Battenfeld Spanier Riesling Trocken 2022 hanapakkaus,12.0,3.0,39.98,13.327,0.9
0,Sandels Vahva Lager tölkki,7.5,0.33,2.75,8.333,0.9
0,Deep Roots Riesling Trocken 2023 hanapakkaus,12.0,3.0,39.98,13.327,0.9
0,Tommasi Pinot Grigio 2022 hanapakkaus,12.0,3.0,39.98,13.327,0.9
0,Leyda Reserva Sauvignon Blanc 2022 hanapakkaus,13.0,2.0,28.92,14.46,0.899
0,The Long Little Dog 2020,13.5,0.75,11.28,15.04,0.898
0,Chill Out Malbec Organic Argentina 2023 muovipullo,13.0,1.0,14.48,14.48,0.898
0,Pop Up Season Organic Rosé 2021 kartonkitölkki,12.0,0.5,6.68,13.36,0.898
0,Bacardi Carta Blanca,37.5,0.35,14.62,41.771,0.898
0,Castillo Murviedro Tempranillo 2019,12.0,1.5,20.04,13.36,0.898
0,De Kuyper Triple Sec,40.0,0.5,22.29,44.58,0.897
0,Laplandia Lemon,37.5,1.0,41.82,41.82,0.897
0,Casillero del Diablo Sauvignon Blanc 2022,13.0,0.75,10.88,14.507,0.896
0,Lahden Erikois Strong Lager tölkki,7.0,0.5,3.91,7.82,0.895
0,Pardon My French Rosé 2022 viinipussi,12.5,1.5,20.95,13.967,0.895
0,KWV Day Dream Collection 2021,12.5,0.75,10.48,13.973,0.895
0,Yali Wild Swan Syrah Cabernet 2020,12.5,0.75,10.49,13.987,0.894
0,Finlandia Lime,37.5,0.5,20.98,41.96,0.894
0,Lisbonita White 2021 muovipullo,12.5,1.0,13.98,13.98,0.894
0,LAB Reserva Arinto Chardonnay 2020,12.5,0.75,10.49,13.987,0.894
0,Altozano Tempranillo Syrah Rose 2021,12.5,0.75,10.49,13.987,0.894
0,Finlandia Cranberry,37.5,0.5,20.98,41.96,0.894
0,Nero Grande Chardonnay Fiano 2022,12.5,0.75,10.49,13.987,0.894
0,Beefsteak Club Malbec 2020 hanapakkaus,13.5,2.25,33.98,15.102,0.894
0,Isidoros Arvanitis Ouzo of Plomari,40.0,0.5,22.40,44.8,0.893
0,Klosterbrauerei Furth Kloster Dunkel,5.7,0.5,3.19,6.38,0.893
0,Dr. Pauly-Bergweiler Blitz Riesling 2022 hanapakkaus,11.0,3.0,36.98,12.327,0.892
0,Keo Zivania,45.0,0.5,25.23,50.46,0.892
0,Koskenkorva Vodka 40 % muovipullo,40.0,0.2,8.98,44.9,0.891
0,Dewar's Caribbean Smooth Aged 8 Years,40.0,0.7,31.42,44.886,0.891
0,Hans Baer Organic White Glühwein muovipullo,10.5,1.0,11.79,11.79,0.891
0,Rivière du Mât Black Spiced,35.0,0.7,27.49,39.271,0.891
0,Zubrowka Bison Grass,37.5,0.7,29.50,42.143,0.89
0,Miu White Wine 2022 kartonkitölkki,8.0,1.0,8.99,8.99,0.89
0,Finlandia Vodka,40.0,0.2,8.99,44.95,0.89
0,Lamura Nero d'Avola Organic 2021,13.5,0.75,11.39,15.187,0.889
0,Go With the Flow hanapakkaus,8.0,3.0,26.99,8.997,0.889
0,Laplandia Vodka,40.0,0.7,31.50,45.0,0.889
0,Jean Canon Pastis,45.0,1.0,50.61,50.61,0.889
0,Stoli Gold Vodka,40.0,0.7,31.50,45.0,0.889
0,Stellenrust Barrel Fermented Chenin Blanc B28 2022,13.5,0.75,11.39,15.187,0.889
0,Islay Mist Original,40.0,0.7,31.50,45.0,0.889
0,Koskenkorva Lakritsi muovipullo,30.0,0.5,16.88,33.76,0.889
0,Gustav Tilli Vodka,40.0,0.7,31.50,45.0,0.889
0,Tullamore D.E.W. muovipullo,40.0,0.5,22.50,45.0,0.889
0,Lauder's Sherry Edition Oloroso Cask,40.0,0.7,31.50,45.0,0.889
0,Corolilla Sparkling Organic Dry,11.0,0.75,9.29,12.387,0.888
0,Chill Out Zinfandel Organic 2022 hanapakkaus,13.0,1.5,21.99,14.66,0.887
0,Adobe Gewürztraminer Reserva 2022,13.0,0.75,10.99,14.653,0.887
0,ABC Chardonnay 2022,13.0,0.75,10.99,14.653,0.887
0,Pianerosse Bianco della Campania 2020,13.0,0.75,10.99,14.653,0.887
0,Doña Dominga Clasico de Familia Carmenere 2020,13.0,0.75,10.99,14.653,0.887
0,Rawson's Retreat Organic Collection Cabernet Shiraz Merlot 2019,13.0,0.75,10.99,14.653,0.887
0,Boca Mar Branco 2020,13.0,0.75,10.99,14.653,0.887
0,Dezzani Dolcetto Merlot 2021,13.0,0.75,10.99,14.653,0.887
0,Santa Helena Reserva Carmenère 2021,13.0,0.75,10.99,14.653,0.887
0,Aalborg Jubilæums Akvavit,40.0,0.7,31.58,45.114,0.887
0,Aresti Rutasur Reserva Sauvignon Blanc Moscatel 2022,13.0,0.75,10.99,14.653,0.887
0,Yalumba Y Series Shiraz Viognier 2019,14.5,0.75,12.29,16.387,0.885
0,Susurro Organic Sauvignon Blanc Verdejo 2021 viinipussi,11.5,2.0,25.98,12.99,0.885
0,Barone Montalto Rakastaa,12.0,0.75,10.18,13.573,0.884
0,Metaxa 5 Stars Greek Orange,38.0,0.7,30.08,42.971,0.884
0,Castelvecchio Vino Rosso,11.5,0.75,9.77,13.027,0.883
0,Tosti Rosso,14.7,0.75,12.49,16.653,0.883
0,Karhu 8,8.0,0.33,2.99,9.061,0.883
0,M. Chapoutier Belleruche Côtes-du-Rhône Rouge 2022 hanapakkaus,14.0,3.0,47.60,15.867,0.882
0,Jacob's Creek Organic Shiraz Cabernet 2022 muovipullo,13.5,0.75,11.48,15.307,0.882
0,Aliwen Pinot Noir Reserva 2021,13.5,0.75,11.49,15.32,0.881
0,Rosière Rosé Dry,11.5,0.75,9.79,13.053,0.881
0,Jacob's Creek Organic Shiraz Cabernet 2021,13.5,0.75,11.49,15.32,0.881
0,9 Lives Reserve Cabernet Sauvignon 2022,13.5,0.75,11.49,15.32,0.881
0,Yellow Tail Cabernet Sauvignon 2020,13.5,0.75,11.49,15.32,0.881
0,Cigarra Finest Selection Red 2022 viinipussi,13.5,1.5,22.98,15.32,0.881
0,Indómita Gran Reserva Carignan 2016,13.5,0.75,11.49,15.32,0.881
0,Yellow Tail Merlot 2022,13.5,0.75,11.49,15.32,0.881
0,Domaine la Feuille Organic Pinot Noir 2022 hanapakkaus,13.5,1.5,22.98,15.32,0.881
0,Casa Charlize Cuvée Notte,13.5,0.75,11.49,15.32,0.881
0,Yellow Tail Shiraz 2022,13.5,0.75,11.49,15.32,0.881
0,9 Lives Apasionado Red Blend 2022,13.5,0.75,11.49,15.32,0.881
0,Silent Oak Reserva 2021,13.5,0.75,11.49,15.32,0.881
0,Expedition Carmenére Syrah Cabernet Sauvignon 2020,13.5,0.75,11.49,15.32,0.881
0,Ruppertsberger Grauburgunder 2020,13.5,0.75,11.49,15.32,0.881
0,Montalto Rosso Passivento 2021,13.5,0.75,11.49,15.32,0.881
0,Novas Gran Reserva Cabernet Sauvignon 2022 hanapakkaus,13.5,1.5,22.98,15.32,0.881
0,Skåne Akvavit,38.0,0.5,21.56,43.12,0.881
0,Allesverloren Tinta Rose 2018,13.5,0.75,11.49,15.32,0.881
0,Havana Club Añejo Especial,37.5,0.7,29.88,42.686,0.879
0,Bols Triple Sec,38.0,0.5,21.61,43.22,0.879
0,Novopacké Pivo Valdštejn,7.0,0.5,3.98,7.96,0.879
0,St-Rémy XO,40.0,0.7,31.89,45.557,0.878
0,Greenfield Organic Vodka,37.5,0.7,29.90,42.714,0.878
0,Vana Tallinn Wild Spices,35.0,0.5,19.96,39.92,0.877
0,Vana Tallinn Toffee Caramel,35.0,0.5,19.96,39.92,0.877
0,Shepherd Neame Christmas Ale,7.0,0.5,3.99,7.98,0.877
0,Zimmermann-Graeff Riesling Classic 2021,12.5,0.75,10.69,14.253,0.877
0,Café Culture Pinotage 2021,14.0,0.75,11.98,15.973,0.876
0,Bushmills,40.0,0.7,31.98,45.686,0.876
0,Norton Barrel Select Malbec 2022,14.0,0.75,11.98,15.973,0.876
0,Koskenkorva Minttu muovipullo,35.0,0.5,19.98,39.96,0.876
0,Panic Button 2021,14.0,0.75,11.98,15.973,0.876
0,Il Capolavoro Appassimento Rosso 2021,14.0,0.75,11.98,15.973,0.876
0,Barahonda Organic Monastrell Tintorera 2021,14.0,0.75,11.98,15.973,0.876
0,Santiago 1541 Gran Reserva Cabernet Sauvignon Syrah Malbec 2021,14.0,0.75,11.98,15.973,0.876
0,Gordon's London Dry Gin,37.5,0.7,29.98,42.829,0.876
0,Septima Malbec Organic 2021,14.0,0.75,11.98,15.973,0.876
0,KWV Classic Collection Shiraz 2021,14.0,0.75,11.98,15.973,0.876
0,Piedemonte Reserva 2018,14.0,0.75,11.98,15.973,0.876
0,Best Friends Organic Monastrell 2021,14.0,0.75,11.98,15.973,0.876
0,Grant's Triple Wood,40.0,0.7,31.98,45.686,0.876
0,Raimat Abadia Cabernet Sauvignon Tempranillo Crianza Organic 2021,14.0,0.75,11.98,15.973,0.876
0,Tarapacá Reserva Cabernet Sauvignon Syrah 2022,14.0,0.75,11.98,15.973,0.876
0,KWV Classic Collection Pinotage 2022,14.0,0.75,11.98,15.973,0.876
0,Corte Federei Appassite Merlot 2021,14.0,0.75,11.98,15.973,0.876
0,Galodoro 10 Barricas Reserva 2020,14.0,0.75,11.98,15.973,0.876
0,Leijona Minttu muovipullo,30.0,0.35,11.99,34.257,0.876
0,Gato Negro Semi Sweet Red,10.5,0.75,8.99,11.987,0.876
0,FiShot Vodka Shot,30.0,0.7,23.99,34.271,0.875
0,Marie Brizard Mint's Peppermint,21.0,0.7,16.80,24.0,0.875
0,Beefeater London Dry Gin,40.0,0.7,31.99,45.7,0.875
0,Veterano,30.0,0.7,23.99,34.271,0.875
0,Baffo Rosso Pinot Grigio 2022,12.0,0.75,10.30,13.733,0.874
0,Piedemonte Gamma Cabernet Sauvignon Merlot Tempranillo 2022,13.5,0.375,5.79,15.44,0.874
0,Baffo Rosso Chianti 2022,12.0,0.75,10.30,13.733,0.874
0,Carlsberg Elephant tölkki,7.2,0.33,2.72,8.242,0.874
0,Indomita Gran Reserva Pinot Noir 2018,14.0,0.75,12.02,16.027,0.874
0,Cal Y Canto Dry White 2022,12.0,0.75,10.31,13.747,0.873
0,Koskenkorva Vodka 7 Botanicals 2023,37.5,0.5,21.49,42.98,0.872
0,Laplandia Coconut,37.5,1.0,42.98,42.98,0.872
0,Fuzion The Coffee Shop Red Blend 2022,14.5,0.75,12.48,16.64,0.871
0,The Wanted Zin 2022,14.5,0.75,12.48,16.64,0.871
0,Scandinavian Vahwa Terwa muovipullo,30.0,0.5,17.22,34.44,0.871
0,Spier Secret Sparkling Rose Brut,12.0,0.75,10.34,13.787,0.87
0,Bird's Tree Rose  2022,11.0,0.75,9.48,12.64,0.87
0,Zensa Fiano Organico 2022,12.5,0.75,10.78,14.373,0.87
0,Teisnacher Weisse,5.2,0.5,2.99,5.98,0.87
0,Ibis XO,36.0,0.7,28.99,41.414,0.869
0,The Vegan Wine Project Rose 2020,12.5,0.75,10.80,14.4,0.868
0,In Me Negroamaro Zinfandel 2022,15.0,0.75,12.98,17.307,0.867
0,Pellerin Cotes du Rhone Blanc 2020 hanapakkaus,13.0,2.0,29.99,14.995,0.867
0,Mallaskoski True Bock tölkki,6.5,0.5,3.75,7.5,0.867
0,Faustino Tempranillo hanapakkaus,13.0,3.0,44.98,14.993,0.867
0,Vermouth Bianco,15.0,0.75,12.99,17.32,0.866
0,Metsänhenki Sisu muovipullo,32.0,0.5,18.48,36.96,0.866
0,Muscat,15.0,0.75,12.99,17.32,0.866
0,Saku Porter,6.9,0.5,3.99,7.98,0.865
0,Periquita White 2020,13.0,0.75,11.28,15.04,0.864
0,Ballet Carte Noire Organic Brut,11.5,0.75,9.98,13.307,0.864
0,Periquita Red 2019,13.0,0.75,11.28,15.04,0.864
0,JP. Chenet Medium Sweet 2022,11.5,0.75,9.98,13.307,0.864
0,Apothic Red 2021 hanapakkaus,13.5,3.0,46.89,15.63,0.864
0,The Famous Grouse muovipullo,40.0,0.5,23.14,46.28,0.864
0,Ural Mocca muovipullo,18.0,0.7,14.58,20.829,0.864
0,Ballet Carte Noire Organic Demi-Sec,11.5,0.75,9.98,13.307,0.864
0,Katse Brut,11.5,0.75,9.98,13.307,0.864
0,Marqués de Cáceres Satinela 2022,11.5,0.75,9.98,13.307,0.864
0,Koskenkorva Salmiakki 30%,30.0,0.5,17.38,34.76,0.863
0,Spier Signature Chardonnay 2019,13.0,0.75,11.30,15.067,0.863
0,Hans Baer Riesling 2022 viinipussi,11.5,1.5,19.98,13.32,0.863
0,William Robertson Chardonnay 2022,13.0,0.75,11.30,15.067,0.863
0,Corvezzo Organic Millesimato Spumante Dry 2022,11.5,0.75,9.99,13.32,0.863
0,San José Silver Tequila,35.0,0.7,28.39,40.557,0.863
0,Ayinger Winterbock,6.7,0.5,3.89,7.78,0.861
0,Lindeman's Riesling Gewürztraminer hanapakkaus,12.0,1.5,20.90,13.933,0.861
0,Katsaros Tsipouro,40.0,0.7,32.53,46.471,0.861
0,Shaman's Espresso,37.5,0.7,30.48,43.543,0.861
0,Tussock Jumper Pinot Noir 2020,12.5,0.75,10.90,14.533,0.86
0,I Heart Sauvignon Blanc,12.0,0.75,10.48,13.973,0.859
0,Tarapacá Pinot Noir Reserva 2021,13.0,0.75,11.35,15.133,0.859
0,Felix Solis Mucho Más Tinto,13.5,0.75,11.79,15.72,0.859
0,Paddy Irish Whiskey,40.0,0.7,32.59,46.557,0.859
0,Berceo Crianza 2019,13.5,0.75,11.79,15.72,0.859
0,Dubliner Bourbon Cask,40.0,0.7,32.59,46.557,0.859
0,I Heart Cabernet Sauvignon,12.0,0.75,10.48,13.973,0.859
0,Smoking Loon Steelbird Chardonnay 2020,13.5,0.75,11.79,15.72,0.859
0,Landlust Bio Dornfelder & Spätburgunder Trocken 2021,12.0,0.75,10.49,13.987,0.858
0,Torres 10 Smoked Barrel,38.0,0.7,30.99,44.271,0.858
0,Tornai Zenit 2017,12.0,0.75,10.49,13.987,0.858
0,Ruppertsberger Imperial Rosé 2022,12.0,0.75,10.49,13.987,0.858
0,Undurraga Gewürztraminer 2022,12.0,0.75,10.49,13.987,0.858
0,Aina Panda Riesling Off-Dry 2022 hanapakkaus,12.0,2.0,27.98,13.99,0.858
0,Martini Rosso,15.0,1.0,17.52,17.52,0.856
0,Martini Bianco,15.0,1.0,17.52,17.52,0.856
0,Martini Extra Dry,15.0,1.0,17.52,17.52,0.856
0,Saku Orginaal tölkki,4.6,0.5,2.69,5.38,0.855
0,Linie Double Cask Aquavit,41.5,0.7,33.99,48.557,0.855
0,Molinari Sambuca Caffé,36.0,0.7,29.49,42.129,0.855
0,Primator Exkluziv,7.5,0.5,4.39,8.78,0.854
0,Elsa Bianchi Malbec 2018,13.5,0.75,11.86,15.813,0.854
0,Bird's Tree Connoisseur Collection 2022 hanapakkaus,11.0,2.25,28.99,12.884,0.854
0,Cutty Sark Prohibition Edition,50.0,0.7,40.99,58.557,0.854
0,Black Tower Riesling Müller-Thurgau 2022 kartonkitölkki,11.5,1.0,13.48,13.48,0.853
0,Scandinavian Mango Appelsiini muovipullo,23.0,0.5,13.48,26.96,0.853
0,Greenleaf Organic Riesling 2022,12.5,0.75,10.99,14.653,0.853
0,Ruppertsberger Trocken Riesling 2022,12.5,0.75,10.99,14.653,0.853
0,Gran Mirador Dark Blend 2021,12.5,0.75,10.99,14.653,0.853
0,Running Duck Sauvignon Blanc 2021,12.5,0.75,10.99,14.653,0.853
0,Piedemonte Gamma Viura Chardonnay Moscatel 2021,12.5,0.75,10.99,14.653,0.853
0,Passi Reali Organic Chardonnay hanapakkaus,13.0,2.0,30.49,15.245,0.853
0,Château Chaubinet 2021,12.5,0.75,10.99,14.653,0.853
0,Tais Organic Pinot Noir Rosé 2021,12.5,0.75,10.99,14.653,0.853
0,Taverna da Aldeia Red 2021,12.5,0.75,10.99,14.653,0.853
0,Espíritu de Chile Reserva Riesling 2019,12.5,0.75,10.99,14.653,0.853
0,Oh la la Rosé 2022,12.5,0.75,11.00,14.667,0.852
0,Frame Riesling Trocken 2022 muovipullo,11.5,1.0,13.49,13.49,0.852
0,Barefoot Buttery Chardonnay,13.5,0.75,11.89,15.853,0.852
0,Gold Strike,50.0,0.5,29.39,58.78,0.851
0,Matusalem Solera 7,40.0,0.7,32.89,46.986,0.851
0,Don Luciano Semi Seco,11.0,0.75,9.69,12.92,0.851
0,Erdinger Schneeweisse,5.6,0.5,3.29,6.58,0.851
0,Indomita Gran Reserva Rose Pinot Noir 2019,12.5,0.75,11.03,14.707,0.85
0,Jacob's Creek Organic Chardonnay 2022,13.0,0.75,11.47,15.293,0.85
0,JP. Chenet Colombard-Sauvignon Organic 2019,11.5,0.75,10.15,13.533,0.85
0,Villarini Nero d'Avola Organic 2020,13.0,0.75,11.49,15.32,0.849
0,Ricard Pastis de Marseille,45.0,0.5,26.49,52.98,0.849
0,Captain Morgan,40.0,0.7,32.99,47.129,0.849
0,Captain Morgan Black Spiced,40.0,0.7,32.99,47.129,0.849
0,9 Lives Inspiring Riesling 2021,13.0,0.75,11.49,15.32,0.849
0,Autenrieder Weizen,5.3,0.5,3.12,6.24,0.849
0,Adobe Organic Red Blend 2021,13.0,0.75,11.49,15.32,0.849
0,Alpenglitzern Glühwein Organic,10.0,1.0,11.78,11.78,0.849
0,Busnel Fine Calvados,40.0,0.7,32.99,47.129,0.849
0,Chill Out Vinho Regional Lisboa 2021,13.0,0.75,11.49,15.32,0.849
0,Cono Sur Bicicleta Pinot Noir 2021,13.0,0.75,11.49,15.32,0.849
0,KWV Classic Collection Chardonnay 2022,13.0,0.75,11.49,15.32,0.849
0,Yellow Tail Chardonnay 2022,13.0,0.75,11.49,15.32,0.849
0,19 Crimes Chardonnay 2022 hanapakkaus,13.0,1.5,22.98,15.32,0.849
0,Tarapacá Reserva Chardonnay 2023,13.0,0.75,11.49,15.32,0.849
0,Lindeman's Bin 50 Shiraz 2021,14.0,0.75,12.38,16.507,0.848
0,Sete Vales Douro 2021 hanapakkaus,13.0,2.25,34.49,15.329,0.848
0,Zwack Unicum,40.0,0.5,23.59,47.18,0.848
0,Gouden Carolus Christmas,10.0,0.33,3.89,11.788,0.848
0,Åkesson Terra dell'oro Bianco kartonkitölkki,12.5,0.25,3.69,14.76,0.847
0,Åkesson Terra dell'oro Rosso kartonkitölkki,12.5,0.25,3.69,14.76,0.847
0,Murviedro Pasión Red Organic 2021,14.5,0.75,12.86,17.147,0.846
0,Fair. Belize Rum,40.0,0.7,33.10,47.286,0.846
0,Torres Coronas Tempranillo Organic 2020,13.5,0.75,11.98,15.973,0.845
0,Gloria Grillo 2022,12.5,0.75,11.09,14.787,0.845
0,San Silvestro Piemonte Barbera 2022,13.0,0.75,11.54,15.387,0.845
0,B-Liv Organic Red Blend 2019,13.5,0.75,11.98,15.973,0.845
0,KWV Classic Collection Cabernet Sauvignon 2021,13.5,0.75,11.98,15.973,0.845
0,Lindeman's Bin 40 Merlot 2022,13.5,0.75,11.98,15.973,0.845
0,Running Duck Cabernet Sauvignon 2021,13.5,0.75,11.98,15.973,0.845
0,Borsari Valpolicella Ripasso 2019,13.5,0.75,11.98,15.973,0.845
0,Espíritu de Chile Reserva Chardonnay 2022,13.5,0.75,11.98,15.973,0.845
0,Jaloviina Extra 2023,41.0,0.7,33.98,48.543,0.845
0,Conde Valdemar Tempranillo 2022,13.5,0.75,11.98,15.973,0.845
0,Castelvecchio Vino Bianco,11.0,0.75,9.77,13.027,0.844
0,Vana Tallinn muovipullo,40.0,0.2,9.48,47.4,0.844
0,Espíritu de Chile Reserva Cabernet Sauvignon 2017,13.5,0.75,11.99,15.987,0.844
0,C'est Moi Colombard Sauvignon,11.0,0.75,9.79,13.053,0.843
0,Manadero Collecciõn de Parcelas Garnacha 2018,14.5,0.75,12.90,17.2,0.843
0,Stroh Jagertee,40.0,0.5,23.72,47.44,0.843
0,Pramia Metsänhenki muovipullo,32.0,0.5,18.98,37.96,0.843
0,Castillo de Molina Gran Reserva Cabernet Sauvignon 2019,14.0,0.75,12.48,16.64,0.841
0,Berceo Seleccíon Roble 2021,14.0,0.75,12.48,16.64,0.841
0,Castillo de Molina Gran Reserva Chardonnay 2021,14.0,0.75,12.48,16.64,0.841
0,Hope Shiraz Reserve 2022,14.0,0.75,12.48,16.64,0.841
0,Don Simon Sangría muovipullo,7.0,1.5,12.49,8.327,0.841
0,Torres Digno Cabernet Sauvignon Rosé 2021,14.0,0.75,12.48,16.64,0.841
0,Laku-Toffee likööri muovipullo,21.0,0.5,12.49,24.98,0.841
0,Olvi Export A tölkki,5.2,0.5,3.09,6.18,0.841
0,Caravan Durif 2020,14.0,0.75,12.48,16.64,0.841
0,La Madriguera Monastrell 2021,14.0,0.75,12.50,16.667,0.84
0,Saku Tume,6.7,0.5,3.99,7.98,0.84
0,Aura Bock tölkki,6.5,0.5,3.87,7.74,0.84
0,Pino Pino Frizzante Pinot Noir Rosé,11.5,0.75,10.28,13.707,0.839
0,LAB Sparkling Brut 2019,11.5,0.75,10.28,13.707,0.839
0,Pino Pino Vino Frizzante Pinot Noir,11.5,0.75,10.28,13.707,0.839
0,Domaine la Boutiniere Le Petit Boutin 2019,14.5,0.75,12.98,17.307,0.838
0,Rivière du Mât Arrangé Vanille,35.0,0.7,29.22,41.743,0.838
0,Million Suns Grenache 2021,14.5,0.75,12.98,17.307,0.838
0,Rivière du Mât Arrangé Ananas,35.0,0.7,29.22,41.743,0.838
0,Spier Signature Pinotage 2021,14.5,0.75,12.98,17.307,0.838
0,Sancrispino Catarratto Inzolia Organic kartonkitölkki,12.0,0.25,3.58,14.32,0.838
0,Matsu El Picaro 2022,14.5,0.75,12.98,17.307,0.838
0,Dark Horse Buttery Chardonnay 2021 kartonkitölkki,14.5,0.75,12.99,17.32,0.837
0,Pierrevignes 2022 muovipullo,14.5,0.75,12.99,17.32,0.837
0,KWV Big Bill White 2019,13.5,0.75,12.10,16.133,0.837
0,Sandels A tölkki,5.3,0.33,2.09,6.333,0.837
0,Sandels A 8-pack tölkki,5.3,2.64,16.72,6.333,0.837
0,Karjala A tölkki,5.2,0.33,2.05,6.212,0.837
0,Karjala IV A 8-pack tölkki,5.2,2.64,16.40,6.212,0.837
0,Teresa Rizzi Extra Dry Rosé,11.5,0.75,10.32,13.76,0.836
0,Stella Artois tölkki,5.0,0.5,2.99,5.98,0.836
0,Dupuy VS muovipullo,40.0,0.5,23.92,47.84,0.836
0,Beck's tölkki,5.0,0.5,2.99,5.98,0.836
0,Riga Black Balsam Original,45.0,0.5,26.90,53.8,0.836
0,Leijona Salmiakki-Granaattiomena Shot muovipullo,21.0,0.5,12.58,25.16,0.835
0,Gin Lemon Pink Grapefruit muovipullo,16.0,0.5,9.58,19.16,0.835
0,Greenall's London Dry Gin paperipullo,37.5,0.7,31.43,44.9,0.835
0,A. Le Coq Jõuluporter,6.5,0.5,3.89,7.78,0.835
0,Henkell Rosé Sekt Dry,12.0,0.75,10.78,14.373,0.835
0,Leijona Salmiakki-Suklaa Shot muovipullo,21.0,0.5,12.58,25.16,0.835
0,LAB Reserva 2021,14.0,0.375,6.29,16.773,0.835
0,Gordon's Premium Pink Distilled Gin,37.5,0.7,31.49,44.986,0.834
0,Minttu Pear,35.0,0.5,20.98,41.96,0.834
0,Minttu Choco,35.0,0.5,20.98,41.96,0.834
0,Ballantine's Finest AC/DC Limited Edition,40.0,0.7,33.58,47.971,0.834
0,Evan Williams Bottled-in-Bond,50.0,0.7,41.99,59.986,0.834
0,Gordon's Sicilian Lemon,37.5,0.7,31.49,44.986,0.834
0,Shaman's Redcurrant Vodka,37.5,0.7,31.49,44.986,0.834
0,Vana Tallinn Glögi,15.0,0.5,8.99,17.98,0.834
0,Barracuda Pineapple Spiced,30.0,0.5,17.98,35.96,0.834
0,Courriere Salted Caramel muovipullo,26.0,0.5,15.59,31.18,0.834
0,Minttu Black,35.0,0.5,20.98,41.96,0.834
0,Koskenkorva Salmiakki muovipullo,30.0,0.35,12.59,35.971,0.834
0,Jouluaamu Luomu Punaviiniglögi muovipullo,8.0,0.75,7.19,9.587,0.834
0,Metaxa *****,38.0,0.7,31.90,45.571,0.834
0,Carlow Counting Days,40.0,0.5,23.98,47.96,0.834
0,Johann Baptist Dietrich Riesling Extra Trocken 2021,12.0,0.75,10.80,14.4,0.833
0,Fontella Chianti 2020,13.0,0.75,11.70,15.6,0.833
0,Gosling's Black Seal,40.0,0.7,33.60,48.0,0.833
0,Two Princes Semillon Chardonnay 2020,12.0,0.75,10.82,14.427,0.832
0,Provetto Brut,10.5,0.75,9.48,12.64,0.831
0,Setencostas Sparkling Branco Bruto 2019,12.5,0.75,11.28,15.04,0.831
0,San Luis Silver Tequila,35.0,0.7,29.49,42.129,0.831
0,Gato Negro Semi Sweet White,10.5,0.75,9.48,12.64,0.831
0,Lahden Erikois Pacific Coast IPA tölkki,5.3,0.5,3.19,6.38,0.831
0,Vaccari Sambuca,38.0,0.5,22.87,45.74,0.831
0,Havana Club Verde,35.0,0.7,29.49,42.129,0.831
0,Viña Maipo Moscato,8.5,0.75,7.67,10.227,0.831
0,Indomita Gran Reserva Viognier 2019,13.5,0.75,12.20,16.267,0.83
0,Mille Bisous XXX 2019,12.5,0.75,11.30,15.067,0.83
0,Klostergarten Grüner Veltliner 2022 hanapakkaus,12.0,2.0,28.90,14.45,0.83
0,Hardys Nottage Hill Sauvignon Blanc 2021 muovipullo,12.5,0.75,11.29,15.053,0.83
0,Zenato Bardolino hanapakkaus,12.5,3.0,45.19,15.063,0.83
0,Devil's Rock Pinot Noir Rosé 2021,12.5,0.75,11.30,15.067,0.83
0,Pasqua Villa Borghetti Bardolino Classico 2022,12.5,0.75,11.30,15.067,0.83
0,Greenfield Organic Distilled Gin muovipullo,40.0,0.35,16.89,48.257,0.829
0,Gammel Reserve Aquavit,41.5,0.5,25.03,50.06,0.829
0,Jaloviina Matkaaja 2023,38.0,0.5,22.95,45.9,0.828
0,D Argentum Dild Aquavit,40.0,0.5,24.15,48.3,0.828
0,The Great Wave Sauvignon Blanc hanapakkaus,12.5,2.25,33.98,15.102,0.828
0,Ruppertsberger Imperial Riesling Organic 2022 hanapakkaus,12.0,2.0,28.98,14.49,0.828
0,Gubernija Unfiltered Lager tölkki,5.0,0.568,3.43,6.039,0.828
0,San Valentin Parellada 2022,11.0,0.75,9.98,13.307,0.827
0,Molinari Sambuca Extra,38.0,0.5,22.98,45.96,0.827
0,Leth Grüner Veltliner Klassik Organic 2022,12.5,0.75,11.33,15.107,0.827
0,Get Lost Premium Red Blend 2022,14.0,0.75,12.69,16.92,0.827
0,Tanqueray London Dry Gin,43.1,0.7,36.48,52.114,0.827
0,19 Crimes Red Blend 2021 hanapakkaus,13.5,1.5,24.49,16.327,0.827
0,Koenig Pinot Blanc 2019,13.0,0.75,11.81,15.747,0.826
0,Wanderlust Riesling Chardonnay 2020,12.0,0.75,10.90,14.533,0.826
0,Amore Mio Organic Rosato 2020,12.0,0.75,10.90,14.533,0.826
0,Vehnä Viina,38.0,0.1,4.60,46.0,0.826
0,Smöla,40.0,0.5,24.28,48.56,0.824
0,Dominio De La Granadilla Verdejo Orgánico 2022,13.5,0.75,12.29,16.387,0.824
0,Koskenkorva Peach muovipullo,20.0,0.7,16.99,24.271,0.824
0,La Miranda de Secastilla Garnacha Blanca 2020,13.5,0.75,12.29,16.387,0.824
0,Koskenkorva Strawberry muovipullo,20.0,0.7,16.99,24.271,0.824
0,Barefoot Shiraz,13.5,0.75,12.29,16.387,0.824
0,Antiche Terre Solo Passione Rosso 2021,13.5,0.75,12.29,16.387,0.824
0,Freixenet Cabernet Sauvignon 2021,13.5,0.75,12.29,16.387,0.824
0,Tullamore D.E.W.,40.0,0.7,33.99,48.557,0.824
0,Johnnie Walker Red Label,40.0,0.35,17.00,48.571,0.824
0,Scarlett Dark 2022,14.0,0.75,12.75,17.0,0.824
0,Diplomático Planas,47.0,0.7,39.99,57.129,0.823
0,Concorde XO,37.0,0.7,31.49,44.986,0.822
0,Escapada Vinho Verde Rosé 2022,11.5,0.75,10.49,13.987,0.822
0,Blanc Pescador,11.5,0.75,10.49,13.987,0.822
0,Moselland Riesling Trocken 2022,11.5,0.75,10.49,13.987,0.822
0,Landlust Bio Riesling & Grauer Burgunder Trocken 2021,11.5,0.75,10.49,13.987,0.822
0,Aura tölkki,5.2,0.33,2.09,6.333,0.821
0,Bombay Sapphire London Dry Gin,40.0,0.7,34.09,48.7,0.821
0,Karhu 4,4.6,3.0,16.80,5.6,0.821
0,Olvi Export A 8-pack tölkki,5.2,2.64,16.72,6.333,0.821
0,KWV Classic Collection Cape Tawny,17.5,0.75,15.99,21.32,0.821
0,Bitchy Blend 2022,11.5,0.75,10.50,14.0,0.821
0,Medoff Classic Vodka,37.5,0.5,22.85,45.7,0.821
0,Olvi Export A 18-pack tölkki,5.2,5.94,37.62,6.333,0.821
0,Domaine Notre Dame de Cousignac 2022,14.0,0.75,12.79,17.053,0.821
0,Villa Puccini Governo all'Uso Toscano 2021,14.0,0.75,12.81,17.08,0.82
0,2U Duas Uvas Premium Chardonnay 2021,13.0,0.75,11.89,15.853,0.82
0,LAB Signature Sauvignon Blanc 2021,13.0,0.75,11.89,15.853,0.82
0,Cellier des Dauphins Réserve Intense Côtes du Rhône Villages 2019,14.5,0.75,13.27,17.693,0.82
0,Ricossa Piemonte Nebbiolo Rosato 2022,13.0,0.75,11.89,15.853,0.82
0,Rabo de Galo White 2022,12.0,0.75,10.99,14.653,0.819
0,Devil's Rock Riesling 2022,12.0,0.75,10.99,14.653,0.819
0,Finca Las Moras Barrel Select Malbec 2021,13.5,0.375,6.18,16.48,0.819
0,Torres 10 Double Barrel,38.0,0.7,32.49,46.414,0.819
0,Terre Bentivoglio Oltrepò Pavese Pinot Nero Extra Dry,12.0,0.75,10.99,14.653,0.819
0,Adobe Reserva Rosé 2022,12.0,0.75,10.99,14.653,0.819
0,Bacardi Reserva Ocho,40.0,0.7,34.19,48.843,0.819
0,Get Lost Chenin Blanc 2022,12.0,0.75,10.99,14.653,0.819
0,Alamos Malbec Organic 2021,13.5,0.75,12.38,16.507,0.818
0,Karmeliten Kloster Doppelbock,8.0,0.5,4.89,9.78,0.818
0,Stroh 60 % muovipullo,60.0,0.2,14.67,73.35,0.818
0,Santa Carolina Assemblage Special Edition 2018,14.5,0.75,13.30,17.733,0.818
0,Patrocinio Sancho Garcés Crianza 2018,14.5,0.75,13.30,17.733,0.818
0,A. Le Coq Alexander,5.2,0.5,3.18,6.36,0.818
0,Pitú Cachaca,38.0,0.7,32.50,46.429,0.818
0,JP. Chenet Cabernet Syrah 2020,13.0,0.25,3.98,15.92,0.817
0,A. Le Coq Porter,6.5,0.5,3.98,7.96,0.817
0,Jules Gautret VS,40.0,1.0,48.96,48.96,0.817
0,San José Gold Tequila,35.0,0.7,29.99,42.843,0.817
0,San Luis Gold Tequila,35.0,0.7,29.99,42.843,0.817
0,Gato Negro Cabernet Sauvignon 2022 muovipullo,13.0,0.25,3.98,15.92,0.817
0,Gato Negro Cabernet Sauvignon 2021 muovipullo,13.0,0.25,3.98,15.92,0.817
0,Casillero del Diablo Chardonnay 2022,13.0,0.25,3.98,15.92,0.817
0,Lunaris Malbec Syrah 2021,13.0,0.75,11.95,15.933,0.816
0,Ruppertsberger Imperial Cuvée Organic 2021,12.5,0.75,11.49,15.32,0.816
0,Castaño Monastrell Ecologico Rosé,12.5,0.75,11.49,15.32,0.816
0,Llai Llai Pinot Grigio 2019,12.5,0.75,11.49,15.32,0.816
0,Laroche Sauvignon Blanc L 2022,12.5,0.75,11.49,15.32,0.816
0,Zensa Pinot Grigio Organico 2022,12.5,0.75,11.49,15.32,0.816
0,Mont'Albano Organic Nero d'Avola 2020,13.0,0.75,11.95,15.933,0.816
0,Triade della Campania 2021,12.5,0.75,11.49,15.32,0.816
0,Shaman's Puolukka Vodka muovipullo,37.5,0.5,22.98,45.96,0.816
0,Trollberry Merry Cranberry,15.0,0.7,12.89,18.414,0.815
0,Gato Negro Pinot Noir 2021 muovipullo,13.0,0.25,3.99,15.96,0.815
0,Les Dauphins Blanc 2021,13.0,0.75,11.98,15.973,0.814
0,Medusa Verdejo Ecologico 2022,13.0,0.75,11.98,15.973,0.814
0,Pata Negra Reservado Tempranillo Valdepeñas 2014,13.0,0.75,11.98,15.973,0.814
0,Raimat Castell Chardonnay Organic 2021,13.0,0.75,11.98,15.973,0.814
0,Spier Signature Chardonnay Pinot Noir Rosé 2021,13.0,0.75,11.98,15.973,0.814
0,Piccini Cosi Chianti 2020,13.0,0.75,11.98,15.973,0.814
0,Running Duck Shiraz 2021,13.0,0.75,11.98,15.973,0.814
0,Portada Reserva Red 2020,13.0,0.75,11.98,15.973,0.814
0,Thr3 Monkeys Fresh & Fruity White Wine 2022 hanapakkaus,8.0,3.0,29.49,9.83,0.814
0,Jolie Terre de Providence Rosé 2022,13.0,0.75,11.98,15.973,0.814
0,Les Dauphins Côtes du Rhône Organic Rouge 2021,13.0,0.75,11.98,15.973,0.814
0,Convento da Gloria Tinta Roriz 2022,13.0,0.75,11.99,15.987,0.813
0,Saku Tume tölkki,6.7,0.33,2.72,8.242,0.813
0,Fernando de Castilla Solera Reserva,36.0,0.7,30.98,44.257,0.813
0,Escada Touriga Nacional 2021,13.0,0.75,11.99,15.987,0.813
0,Castillo de Molina Gran Reserva Pinot Noir  2021,13.5,0.75,12.48,16.64,0.811
0,Federico Paternina Banda Azul Crianza 2018,13.5,0.75,12.48,16.64,0.811
0,Ksarak,53.0,0.7,45.76,65.371,0.811
0,Hewitson The Adventures of Miss Harry Shiraz 2022 hanapakkaus,13.5,1.5,24.98,16.653,0.811
0,Bohemia Regent Prezident tölkki,6.0,0.5,3.70,7.4,0.811
0,Casa Charlize Cuvée Forte,13.5,0.75,12.48,16.64,0.811
0,Miopasso Grillo Appassimento 2021,13.5,0.75,12.48,16.64,0.811
0,Marqués de Cáceres Verdejo 2022,13.5,0.75,12.48,16.64,0.811
0,Undurraga Sibaris Pinot Noir 2022 hanapakkaus,13.5,1.5,24.98,16.653,0.811
0,Southern Comfort Black,40.0,0.7,34.52,49.314,0.811
0,L'Auratae Nero d'Avola 2021,13.5,0.75,12.48,16.64,0.811
0,Santa Rita 120 Chardonnay 2022,13.5,0.75,12.48,16.64,0.811
0,Francisco Gomez Eko Red,13.5,0.75,12.50,16.667,0.81
0,Freixenet Mía Blanco 2021,11.5,0.75,10.65,14.2,0.81
0,Glöet Red Sparkling Glögg,11.0,0.75,10.19,13.587,0.81
0,Maitén Reserva Cabernet Sauvignon Organic 2017,13.5,0.75,12.50,16.667,0.81
0,Grover Chenin Blanc 2017,13.5,0.75,12.50,16.667,0.81
0,Marskin Ryyppy,40.0,0.5,24.70,49.4,0.81
0,Faustino VII 2022,13.5,0.75,12.50,16.667,0.81
0,Aranleón Blés Roble 2020,14.0,0.75,12.98,17.307,0.809
0,Juan Gil Moscatel 2018,14.0,0.75,12.98,17.307,0.809
0,Thr3 Monkeys 2022 kartonkitölkki,8.0,1.0,9.89,9.89,0.809
0,Carrascal Cabernet Sauvignon Malbec Organic 2021,14.0,0.75,12.98,17.307,0.809
0,Nederburg Winemasters Chardonnay 2021,14.0,0.75,12.98,17.307,0.809
0,Kaiken Estate Malbec 2021,14.0,0.75,12.98,17.307,0.809
0,The Mooring Pinotage 2022,14.0,0.75,12.98,17.307,0.809
0,Norton Barrel Select Cabernet Sauvignon 2022,14.0,0.75,12.98,17.307,0.809
0,Zensa Primitivo Organico 2022,14.0,0.75,12.98,17.307,0.809
0,Dezzani La Vecchia Via Red 2016,14.0,0.75,12.98,17.307,0.809
0,Campo Viejo Crianza 2020,14.0,0.75,12.98,17.307,0.809
0,Barefoot Zinfandel,14.0,0.75,12.98,17.307,0.809
0,Terre Cevico Merlot Biologico 2021,14.0,0.75,12.98,17.307,0.809
0,SAAM Pinotage 2018,14.0,0.75,12.98,17.307,0.809
0,Azueira Além do Rio Rose 2018,9.5,0.75,8.82,11.76,0.808
0,Hans Baer Riesling 2021 muovipullo,10.5,1.0,12.99,12.99,0.808
0,Carillo Herbs & Salmiac muovipullo,21.0,0.5,12.99,25.98,0.808
0,Peñasol Sangria White kartonkitölkki,7.0,1.0,8.69,8.69,0.806
0,The Golden Stallion Organic Monastrell 2022,14.5,0.75,13.49,17.987,0.806
0,Honoro Vera Monastrell Organic 2022,14.5,0.75,13.49,17.987,0.806
0,Piedemonte Grandes Tierras 2016,14.5,0.75,13.49,17.987,0.806
0,Peñasol Sangria kartonkitölkki,7.0,1.0,8.69,8.69,0.806
0,Irrepetible de Altolandon 2016,14.0,0.75,13.02,17.36,0.806
0,Montes Reserva Malbec 2021,14.5,0.75,13.49,17.987,0.806
0,Nugan Alfredo Passo Appassimento 2018,14.5,0.75,13.49,17.987,0.806
0,Black Tower Classic Riesling 2022,12.5,0.75,11.64,15.52,0.805
0,Montalto Passivento Rosso 2021,13.5,0.375,6.29,16.773,0.805
0,Lahden Erikois A tölkki,5.3,0.5,3.29,6.58,0.805
0,Hetényi Tábornok Kékfrankos 2017,14.5,0.75,13.51,18.013,0.805
0,Quinta das Setencostas 2019,13.5,0.375,6.29,16.773,0.805
0,Tio Toto Medium Sweet Sherry,15.0,0.75,13.98,18.64,0.805
0,Lakka Väkevä Viini,15.0,0.75,13.98,18.64,0.805
0,Monte dos Amigos 2021,13.5,0.375,6.29,16.773,0.805
0,Anciano 35 Year Old Vines Garnacha  2020,15.0,0.75,13.99,18.653,0.804
0,Jaloviina * muovipullo,38.0,0.2,9.48,47.4,0.802
0,Haraszthy Sir Irsai 2018,11.5,0.75,10.76,14.347,0.802
0,Jameson muovipullo,40.0,0.5,24.98,49.96,0.801
0,Willowglen Gewürztraminer Riesling 2021,11.5,0.75,10.78,14.373,0.8
0,Tommasi Valpolicella 2022 hanapakkaus,12.0,3.0,44.98,14.993,0.8
0,Astoria Sushi Sparkling Extra Brut,11.0,0.75,10.31,13.747,0.8
0,Plantation Barbados Grande Reserve,40.0,0.7,34.99,49.986,0.8
0,The Famous Grouse Smoky Black,40.0,0.7,34.98,49.971,0.8
0,Chymos Tyrni Väkevä marjaviini,15.0,0.75,14.08,18.773,0.799
0,Chymos Lakka Väkevä Marjaviini,15.0,0.75,14.08,18.773,0.799
0,Yalumba Y Series Sangiovese Rose,11.5,0.75,10.80,14.4,0.799
0,Gotto d'Oro Frascati Secco 2020,12.0,0.75,11.27,15.027,0.799
0,Jaloviina Tammi,41.7,0.7,36.58,52.257,0.798
0,Glen Talloch 8 Year Old Blended Malt,40.0,0.7,35.08,50.114,0.798
0,La Fiole Côtes du Rhône Rouge 2021,13.5,0.75,12.69,16.92,0.798
0,The Famous Grouse Bourbon Cask,40.0,0.7,35.13,50.186,0.797
0,Gubernija Unfiltered Wheat Hefeweizen tölkki,4.8,0.568,3.42,6.021,0.797
0,Sogatia Chianti Riserva 2019,13.0,0.75,12.23,16.307,0.797
0,Codorníu Clásico Rosado Cava Brut,12.0,0.75,11.30,15.067,0.796
0,Hardys Crest Cabernet Shiraz Merlot 2020,14.0,0.75,13.19,17.587,0.796
0,Kendermanns Classic Riesling 2022,12.5,0.75,11.79,15.72,0.795
0,Yali Wetland Reserva Gewürztraminer 2020,13.0,0.75,12.27,16.36,0.795
0,Budejovický Budvar tölkki,5.0,0.5,3.15,6.3,0.794
0,Grant's Family Reserve,40.0,4.5,226.78,50.396,0.794
0,De Bortoli DB Gewürztraminer Riesling 2021,12.0,0.75,11.33,15.107,0.794
0,Lergenmüller Grauer Burgunder Trocken 2021,12.5,0.75,11.81,15.747,0.794
0,The Famous Grouse Sherry Cask Finish,40.0,0.7,35.33,50.471,0.793
0,Two Oceans Lightkeeper White  2021,9.5,0.75,8.99,11.987,0.793
0,Seaman's Shot Extra Hot,30.0,0.7,26.49,37.843,0.793
0,Jim Beam,40.0,0.2,10.09,50.45,0.793
0,Valdespino Cream Sherry,19.0,0.75,17.98,23.973,0.793
0,Evan Williams,43.0,0.7,37.98,54.257,0.793
0,Two Oceans Lightkeeper Rosé 2021,9.5,0.75,8.99,11.987,0.793
0,Liisa Kuningatar Mansikka,5.5,1.0,6.94,6.94,0.793
0,Porta 6 Tinto 2020,13.5,0.75,12.79,17.053,0.792
0,Scandinavian Laku Shot muovipullo,21.0,0.5,13.25,26.5,0.792
0,Love Noir Pinot Noir 2015,13.5,0.75,12.79,17.053,0.792
0,Famiglia Bianchi Chardonnay 2019,14.0,0.75,13.25,17.667,0.792
0,Swing Grapefruit Strong Long Drink muovipullo,8.0,0.75,7.58,10.107,0.792
0,Swing Light Apple Strong Cider muovipullo,8.0,0.75,7.59,10.12,0.791
0,Swing Light Perry Strong Cider muovipullo,8.0,0.75,7.59,10.12,0.791
0,Santa Inés Organic Cabernet Malbec Carmenère hanapakkaus,13.5,1.5,25.61,17.073,0.791
0,Swing Dry Apple Strong Cider muovipullo,8.0,0.75,7.59,10.12,0.791
0,Swing Mixx Strong Cider muovipullo,8.0,0.75,7.59,10.12,0.791
0,Combe d'Argent 2020,13.5,0.75,12.81,17.08,0.79
0,Fireball muovipullo,33.0,0.2,8.35,41.75,0.79
0,Lignell & Piispanen Kova Tee,30.0,0.5,18.98,37.96,0.79
0,Lamura Pinot Grigio Organic 2021,12.0,0.75,11.39,15.187,0.79
0,Castillo de Madax Tinto 2021,13.5,0.75,12.81,17.08,0.79
0,Sailor Jerry Spiced,40.0,0.7,35.51,50.729,0.789
0,Gatão Rosé,10.5,0.75,9.98,13.307,0.789
0,Mirabeau Prêt à Porter 2019 tölkki,13.0,0.25,4.12,16.48,0.789
0,Berris Sour Vadelma-Karpalo muovipullo,15.0,0.5,9.50,19.0,0.789
0,Santerra Mellow & Sweet 2022,10.5,0.75,9.98,13.307,0.789
0,Torres 15 Brandy,40.0,0.7,35.50,50.714,0.789
0,Jack Daniel's Rye,45.0,0.7,39.98,57.114,0.788
0,Toffee muovipullo,18.0,0.35,7.99,22.829,0.788
0,Liisa Mansikka & Sitruuna kartonkitölkki,5.5,1.0,6.98,6.98,0.788
0,Stroh Rum Punsch,25.0,0.5,15.87,31.74,0.788
0,Lindemans Bin 65 Chardonnay 2022,13.0,0.75,12.38,16.507,0.788
0,Carlo Rossi California Red,11.5,0.75,10.97,14.627,0.786
0,Nett Paranoia Pinot Noir,13.0,0.75,12.40,16.533,0.786
0,LAB Vinho Verde White 2019,11.0,0.75,10.49,13.987,0.786
0,Tsantali Retsina,11.0,0.75,10.49,13.987,0.786
0,Saku Antvärk IPA tölkki,6.0,0.33,2.52,7.636,0.786
0,Gustave Lorentz Sylvaner Réserve 2020,13.0,0.75,12.40,16.533,0.786
0,Babylon's Peak Shiraz Grenache 2021,14.5,0.75,13.84,18.453,0.786
0,LAB Vinho Verde Rose 2021,11.0,0.75,10.49,13.987,0.786
0,Fireball,33.0,0.5,20.99,41.98,0.786
0,Basson SMG 2021,14.5,0.75,13.84,18.453,0.786
0,Gato Negro Sauvignon Blanc 2022 muovipullo,12.5,0.25,3.98,15.92,0.785
0,Cono Sur Reserva Especial Chardonnay 2021,13.5,0.75,12.90,17.2,0.785
0,Zenith 2022,11.5,0.75,10.99,14.653,0.785
0,Riesling Dry Msl 2022,11.5,0.75,10.99,14.653,0.785
0,Sound of Wine Demi-Sec,11.5,0.75,10.99,14.653,0.785
0,Viña Esmeralda 2022,11.5,0.75,10.99,14.653,0.785
0,Porta Reserva Carménère 2021,13.5,0.75,12.90,17.2,0.785
0,Marie Brizard Blue Curacao,23.0,0.5,14.65,29.3,0.785
0,Mielensäpahoittajan Parempi Punainen 2021,13.5,0.75,12.89,17.187,0.785
0,Hanko Weissburgunder 2021,11.5,0.75,10.99,14.653,0.785
0,Jaume Serra Cava Brut,11.5,0.75,10.99,14.653,0.785
0,Pata Negra Rose Cava Brut,11.5,0.75,10.99,14.653,0.785
0,Codorníu Clásico Cava Sec Organic,11.5,0.75,10.99,14.653,0.785
0,Metsmaasikas Wild Strawberry muovipullo,21.0,0.2,5.35,26.75,0.785
0,Citadelle Original Dry Gin,44.0,0.7,39.30,56.143,0.784
0,Hamina Tattoo Punaviini 2022,14.0,0.75,13.40,17.867,0.784
0,Cono Sur Reserva Especial Sauvignon Blanc 2021,12.5,0.75,11.98,15.973,0.783
0,Casa Charlize Floreale Pinot Grigio 2022,12.0,0.75,11.49,15.32,0.783
0,KWV Classic Collection Moscato 2021,12.0,0.75,11.49,15.32,0.783
0,Cono Sur Bicicleta Pinot Noir Rose 2022,12.0,0.75,11.49,15.32,0.783
0,Pfaff Special 2022,12.5,0.75,11.98,15.973,0.783
0,Running Duck White 2021,12.5,0.75,11.98,15.973,0.783
0,Yellow Tail Jammy Red Roo,12.0,0.75,11.49,15.32,0.783
0,Casa Marrone Appassimento Bianco Organic 2020,14.5,0.75,13.89,18.52,0.783
0,Yalumba Y Series Pinot Grigio 2022,12.5,0.75,11.98,15.973,0.783
0,Devil's Rock Pinot Noir 2022,12.5,0.75,11.98,15.973,0.783
0,Moonlight Manor Chenin Blanc Sauvignon Blanc 2022,12.5,0.75,11.98,15.973,0.783
0,Kein Name Grüner Veltliner Trocken 2022,12.5,0.75,11.98,15.973,0.783
0,Melnik 13,12.5,0.75,11.98,15.973,0.783
0,Piedemonte Gamma Viura Chardonnay Moscatel 2022,12.5,0.375,5.99,15.973,0.783
0,Hans Baer Riesling Sekt Dry,12.5,0.75,11.98,15.973,0.783
0,Moshi Moshi Organic White 2022,12.5,0.75,11.98,15.973,0.783
0,Cono Sur Bicicleta Riesling 2022,12.0,0.75,11.49,15.32,0.783
0,Fritz Walter Grauer Burgunder Trocken 2022,12.5,0.75,11.98,15.973,0.783
0,Felix Solis Mucho Más Blanco,12.5,0.75,11.98,15.973,0.783
0,Running Duck Merlot 2022,12.5,0.75,11.98,15.973,0.783
0,Castano Ecologico Macabeo,12.0,0.75,11.49,15.32,0.783
0,Evans & Tate Classic Sauvignon Blanc 2019,12.5,0.75,11.99,15.987,0.782
0,In Me Bianco 2020,12.5,0.75,11.99,15.987,0.782
0,La Méridienne Organic Rosé 2021,12.5,0.75,11.99,15.987,0.782
0,A. Le Coq Gin Long Drink tölkki,5.5,0.33,2.32,7.03,0.782
0,Barsol Pisco Quebranta,41.5,0.7,37.15,53.071,0.782
0,A. Le Coq Gin Long Drink 6-pack tölkki,5.5,1.98,13.92,7.03,0.782
0,Retsina Malamatina,11.0,0.5,7.03,14.06,0.782
0,Ruppertsberger R Riesling Organic 2022,12.5,1.0,15.99,15.99,0.782
0,Belrose Rose 2020,12.5,0.75,11.99,15.987,0.782
0,Paxis Red Blend 2020,12.5,0.75,11.99,15.987,0.782
0,Laroche Chardonnay L 2022,13.0,0.75,12.48,16.64,0.781
0,Castillo de Molina Gran Reserva Sauvignon Blanc 2022,13.0,0.75,12.48,16.64,0.781
0,Viva Valentina Organic Sangiovese 2022 hanapakkaus,13.0,1.5,24.98,16.653,0.781
0,Crudo Rosato Nerello Mascalese Organic 2022,13.0,0.75,12.48,16.64,0.781
0,Santa Rita 120 Merlot 2022,13.0,0.75,12.48,16.64,0.781
0,Viva Valentina Organic Pinot Grigio 2020 hanapakkaus,13.0,1.5,24.98,16.653,0.781
0,Lindeman's Organics Tempranillo 2021,13.0,0.75,12.48,16.64,0.781
0,Cono Sur Bicicleta Riesling Viognier Gewürztraminer 2022,13.0,0.75,12.48,16.64,0.781
0,Pinot Noir For You And For Me,13.0,0.75,12.48,16.64,0.781
0,Trapiche Extravaganza Red Blend 2020,13.0,0.75,12.48,16.64,0.781
0,Confidencial Reserva 2018,13.5,0.75,12.98,17.307,0.78
0,Gran Mirador Reserva 2018,13.5,0.75,12.98,17.307,0.78
0,Jahti Yrttisnapsi muovipullo,32.0,0.2,8.20,41.0,0.78
0,Wise Wolf Chardonnay 2021,13.5,0.75,12.98,17.307,0.78
0,Calvet Cahors Malbec 2021,13.5,0.75,12.98,17.307,0.78
0,Backwoods Merlot Cabernet Petite Sirah 2020,13.5,0.75,12.98,17.307,0.78
0,Merino Organic 2022,13.5,0.75,12.98,17.307,0.78
0,Próximo by Marques de Riscal 2018,13.5,0.75,12.98,17.307,0.78
0,The Grinder Pinotage 2021,13.5,0.75,12.98,17.307,0.78
0,Colores Santos Cabernet Sauvignon Syrah 2021,13.5,0.75,12.98,17.307,0.78
0,Colores Santos Sauvignon Chardonnay 2022,13.5,0.75,12.98,17.307,0.78
0,Borneo Apasionado Tempranillo 2022,13.5,0.75,12.98,17.307,0.78
0,Cono Sur Organic Cabernet Sauvignon Carmenere Syrah 2021,13.5,0.75,12.98,17.307,0.78
0,Femar Urbe Aeterna Roma Rosso 2019,13.5,0.75,12.98,17.307,0.78
0,Zensa Nero d'Avola Organico 2021,13.5,0.75,12.98,17.307,0.78
0,Trapiche Reserve Malbec 2021,13.5,0.75,12.98,17.307,0.78
0,Heineken tölkki,5.0,0.5,3.21,6.42,0.779
0,Maison du Vin Chardonnay 2022,13.5,0.75,12.99,17.32,0.779
0,Steinschaden Grüner Veltliner Engabrunn 2022,13.0,0.75,12.54,16.72,0.778
0,2U Duas Uvas Premium 2019,14.0,0.75,13.49,17.987,0.778
0,Nero Grande Collezione Privata Zinfandel 2021,14.0,0.75,13.49,17.987,0.778
0,Nederburg Cabernet Sauvignon 2020,14.0,0.75,13.49,17.987,0.778
0,Gonzalo de Berceo Crianza 2019,14.0,0.75,13.49,17.987,0.778
0,Arbellot VS,40.0,0.7,35.98,51.4,0.778
0,Crudo Nero d'Avola Cabernet Sauvignon 2021,14.0,0.75,13.49,17.987,0.778
0,Havana Club Añejo 7 Años,40.0,0.7,35.98,51.4,0.778
0,Cousiño-Macul Chardonnay 2022,14.0,0.75,13.49,17.987,0.778
0,Kaiken Cabernet Sauvignon 2021,14.0,0.75,13.49,17.987,0.778
0,Pisco Mistral Añejado en Roble,40.0,0.7,35.99,51.414,0.778
0,Grind Espresso Shot,30.0,0.7,26.99,38.557,0.778
0,Piqueras Old Vines Garnacha 2018,14.0,0.75,13.49,17.987,0.778
0,Dezzani Albarossa 2020,14.0,0.75,13.49,17.987,0.778
0,D'Arenberg The Stump Jump GSM 2017,14.5,0.75,13.99,18.653,0.777
0,Wakefield Merlot 2020,14.5,0.75,13.99,18.653,0.777
0,Jim Beam Rye,40.0,0.7,36.04,51.486,0.777
0,Herencia Altes Cupatge Negre 2017,14.5,0.75,13.99,18.653,0.777
0,Tension La Ribera Cabernet Sauvignon Cabernet Franc 2019,14.5,0.75,13.99,18.653,0.777
0,Schneider Weisse Tap 6 Mein Aventinus,8.2,0.5,5.28,10.56,0.777
0,Château Haut Balastard Bordeaux 2019,14.5,0.75,13.99,18.653,0.777
0,Gran Marius Reserva Selección 2017,14.5,0.75,13.99,18.653,0.777
0,Casa Marrone Appassimento Organic 2022,14.5,0.75,13.99,18.653,0.777
0,Diesel Peppermint,20.0,0.2,5.15,25.75,0.777
0,Casa Santos Lima Gran Fortissimo 2019,14.5,0.75,13.99,18.653,0.777
0,Schneider Weisse Tap 5 Meine Hopfenweisse,8.2,0.5,5.28,10.56,0.777
0,Aroa Jauna 2019,14.5,0.75,13.99,18.653,0.777
0,Juan Gil Monastrell 2021,14.5,0.75,13.99,18.653,0.777
0,Lignell & Piispanen Kuopio Wine,15.0,0.75,14.50,19.333,0.776
0,Dulban Red Organic 2020 tölkki,14.0,0.25,4.51,18.04,0.776
0,Rosen-Secco,8.0,0.75,7.73,10.307,0.776
0,Valdespino Oloroso Blend Medium Sherry,19.0,0.75,18.38,24.507,0.775
0,Tania hanapakkaus,8.5,3.0,32.90,10.967,0.775
0,Alvariini Punaisen Tuvan Marjaviini,13.0,0.75,12.58,16.773,0.775
0,Koff,4.6,0.33,1.96,5.939,0.775
0,Corvers Kauter R3 Rheingau Riesling Remastered 2022 hanapakkaus,12.0,2.0,30.98,15.49,0.775
0,Alcesti Heila Rosso 2021,13.0,0.75,12.58,16.773,0.775
0,The Hellacopters Riot on the Rocks,40.0,0.7,36.11,51.586,0.775
0,Roodeberg Red 2021,14.0,0.75,13.59,18.12,0.773
0,Saltkis Suolakaramelli Shotti,18.0,0.7,16.29,23.271,0.773
0,Black Tower Dornfelder Pinot Noir 2022,12.0,0.75,11.64,15.52,0.773
0,Gammel Dansk muovipullo,38.0,0.5,24.58,49.16,0.773
0,Bache Gabrielsen 3 Kors VS,40.0,0.7,36.20,51.714,0.773
0,Koff Suodattamaton tölkki,5.0,0.5,3.24,6.48,0.772
0,Blue Nun Riesling hanapakkaus,9.0,3.0,34.98,11.66,0.772
0,Black Tower Rivaner 2022 hanapakkaus,9.5,3.0,36.98,12.327,0.771
0,Sierra Tequila Gold,38.0,0.7,34.50,49.286,0.771
0,El Tesoro Monastrell 2022,14.0,0.5,9.08,18.16,0.771
0,Black Tower Riesling Gewürztraminer 2022,12.0,0.75,11.68,15.573,0.771
0,Sierra Tequila Blanco,38.0,0.7,34.50,49.286,0.771
0,Jägermeister Scharf,33.0,0.7,29.98,42.829,0.771
0,Valkia Talviomena Glögi,8.0,0.75,7.79,10.387,0.77
0,Hans Baer Pinot Noir 2021,12.0,0.75,11.70,15.6,0.769
0,Martini Vermouth Bianco,15.0,0.5,9.75,19.5,0.769
0,Niepoort Dry White Port,19.5,0.75,19.01,25.347,0.769
0,Niepoort Ruby Port,19.5,0.75,19.01,25.347,0.769
0,Fords London Dry Gin,45.0,0.7,40.98,58.543,0.769
0,Murviedro Coleccion Tempranillo 2021,13.0,0.1875,3.17,16.907,0.769
0,19 Crimes The Deported Coffee Red,13.0,0.75,12.69,16.92,0.768
0,Botran 8,40.0,0.7,36.48,52.114,0.768
0,Casa Silva Carmenère Reserva 2022,14.0,0.75,13.68,18.24,0.768
0,Beaujolais Nouveau Fleurs 2023,13.0,0.75,12.69,16.92,0.768
0,Jaloviina*** muovipullo,40.0,0.2,10.43,52.15,0.767
0,Black Bottle,40.0,0.7,36.49,52.129,0.767
0,Kleine Zalze Vineyard Selection Shiraz Mourvèdre Viognier 2016,14.5,0.75,14.18,18.907,0.767
0,Teisnacher Hell,4.8,0.5,3.13,6.26,0.767
0,Kein Name Burgenland Sauvignon Blanc 2022 hanapakkaus,11.5,1.5,22.48,14.987,0.767
0,Karjala A 6-pack tölkki,5.2,3.0,20.34,6.78,0.767
0,Pernod,40.0,0.7,36.49,52.129,0.767
0,Tucher Bajuvator,7.5,0.5,4.89,9.78,0.767
0,Holba Premium,5.2,0.5,3.39,6.78,0.767
0,Sheep Dog Peanut Butter,35.0,0.7,31.98,45.686,0.766
0,Bols Butterscotch,24.0,0.5,15.67,31.34,0.766
0,Four Roses,40.0,0.35,18.28,52.229,0.766
0,Jalokahvi Tumma Paahto muovipullo,28.0,0.5,18.29,36.58,0.765
0,Fiskarsin Panimo Luostarin Talvipolku tölkki,6.7,0.33,2.89,8.758,0.765
0,Isolabella Limoncello,30.0,0.7,27.50,39.286,0.764
0,Mallaskoski Baltic Porter tölkki,5.5,0.5,3.60,7.2,0.764
0,Leib Wächter Herbal Elixir,35.0,0.5,22.91,45.82,0.764
0,Saimaa Vahva IPA tölkki,7.0,0.5,4.58,9.16,0.764
0,Fleurs de Prairie Sparkling Rosé Extra-Sec,11.5,0.75,11.30,15.067,0.763
0,Hardys Crest Chardonnay Sauvignon Blanc 2022,12.5,0.75,12.29,16.387,0.763
0,Coral de Peñascal Rosé 2022,12.0,0.75,11.79,15.72,0.763
0,Famiglia Bianchi Malbec 2021,14.5,0.75,14.25,19.0,0.763
0,Patriarche Pinot Noir 2021,12.5,0.75,12.29,16.387,0.763
0,Itinera Müller-Thurgau 2021,12.0,0.75,11.79,15.72,0.763
0,Coral de Peñascal Ethical White 2022,12.5,0.75,12.31,16.413,0.762
0,Big Buzz Grenache Noir 2020,13.0,0.75,12.79,17.053,0.762
0,Jules Gautret VS muovipullo,40.0,0.5,26.26,52.52,0.762
0,Il Prugneto Sangiovese Superiore 2020,13.5,0.75,13.28,17.707,0.762
0,Gebr. Ludwig Weisser Burgunder Trocken 2021,13.0,0.75,12.79,17.053,0.762
0,Jean Pierre Classique Dry,11.0,0.75,10.82,14.427,0.762
0,Codorníu Tempranillo Organic,14.0,0.75,13.78,18.373,0.762
0,Veterano Solera Reserva,36.0,0.7,33.10,47.286,0.761
0,Vistamar Single Estate Cabernet Sauvignon 2020,13.5,0.75,13.30,17.733,0.761
0,Reyneke Organic Chenin Blanc 2019,13.5,0.75,13.30,17.733,0.761
0,Santa Julia Organic Chardonnay 2022,13.0,0.75,12.81,17.08,0.761
0,The Flying Spaghetti Monster Rosso 2020,13.5,0.75,13.30,17.733,0.761
0,Tanqueray Blackcurrant Royale,41.3,0.7,37.98,54.257,0.761
0,Tanqueray Rangpur Gin,41.3,0.7,37.98,54.257,0.761
0,Tanqueray Flor De Sevilla Distilled Gin,41.3,0.7,37.98,54.257,0.761
0,Lapin Kulta A tölkki,5.2,0.5,3.42,6.84,0.76
0,Carlsberg tölkki,5.0,0.5,3.29,6.58,0.76
0,Wente Central Coast Chardonnay 2021 hanapakkaus,13.5,2.25,39.99,17.773,0.76
0,Karhu 5,5.3,0.5,3.49,6.98,0.759
0,Laitilan Kukko Vahva Pils 12-pack tölkki,5.5,3.96,28.68,7.242,0.759
0,Erdinger Weissbier tölkki,5.3,0.5,3.49,6.98,0.759
0,Trois Citrus,40.0,0.7,36.90,52.714,0.759
0,La Fée Absinthe Supérieure,68.0,0.2,17.93,89.65,0.759
0,Laitilan Kukko Vahva Pils tölkki,5.5,0.33,2.39,7.242,0.759
0,Elsa Bianchi Chardonnay 2019,12.0,0.75,11.86,15.813,0.759
0,Casas del Bosque Reserva Sauvignon Blanc 2022,13.5,0.75,13.35,17.8,0.758
0,Jean Claude Debeaune Beaujolais Nouveau 2022,13.0,0.75,12.86,17.147,0.758
0,Murviedro Pasión White Organic 2022,13.0,0.75,12.86,17.147,0.758
0,D.O.M. Benedictine,40.0,0.5,26.42,52.84,0.757
0,Metaxa 7 Stars,40.0,0.7,36.99,52.843,0.757
0,Manz Platónico Branco 2018,13.0,0.75,12.88,17.173,0.757
0,Sangre de Toro Original 2021,13.5,0.375,6.69,17.84,0.757
0,The Busker Triple Cask Triple Smooth,40.0,0.7,36.99,52.843,0.757
0,Nordic Spirits Lab Mediterranean Botanicals Gin,41.0,0.5,27.09,54.18,0.757
0,Monopol VS,40.0,0.7,36.98,52.829,0.757
0,Bajel Pirata Monastrell 2022,13.0,0.75,12.90,17.2,0.756
0,Piedemonte Hidden Stars Garnacha Merlot 2019,14.0,0.75,13.89,18.52,0.756
0,Fortant de France Merlot Rosé 2019,12.0,0.75,11.91,15.88,0.756
0,Zen Garden Riesling 2022,12.5,0.75,12.40,16.533,0.756
0,Pipar Organic Chilli Vodka,40.0,0.5,26.47,52.94,0.756
0,Glendalough Double Barrel Single Grain,42.0,0.7,38.89,55.557,0.756
0,Soerlie VS muovipullo,40.0,0.5,26.50,53.0,0.755
0,Alexander Grappa Prosecco,38.0,0.7,35.23,50.329,0.755
0,Jalokahvi muovipullo,28.0,0.35,12.98,37.086,0.755
0,Segno Librandi Cirò Rosso Classico 2019,14.0,0.75,13.90,18.533,0.755
0,Lahden Erikois NEIPA tölkki,5.5,0.5,3.64,7.28,0.755
0,Manfredi Barbera 2018,12.5,0.75,12.43,16.573,0.754
0,Gato Negro Sauvignon Blanc 2021 muovipullo,12.0,0.25,3.98,15.92,0.754
0,Crafter's London Dry Gin,43.0,0.7,39.99,57.129,0.753
0,Graffigna Centenario Malbec 2021,13.5,0.75,13.45,17.933,0.753
0,Suomi Shotti Inkivääri-Lakritsi muovipullo,18.0,0.35,8.38,23.943,0.752
0,Santa Carolina Cabernet Sauvignon Reserva 2017,13.0,0.75,12.96,17.28,0.752
0,Ivana Helsinki Kiss Prosecco Rosé Extra Dry 2020,11.0,0.75,10.97,14.627,0.752
0,Piedemonte Cuatro Tierras 2019,14.0,0.375,6.98,18.613,0.752
0,Casal Garcia Fruitzy Pear,8.0,0.75,7.98,10.64,0.752
0,Casalforte Organic Brut,11.0,0.75,10.97,14.627,0.752
0,Koskenkorva Peach Raspberry muovipullo,15.0,0.5,9.98,19.96,0.752
0,Cantina Clairevue Riesling 2021,12.0,0.75,11.96,15.947,0.752
0,Nederburg Sauvignon Blanc 2022,13.0,0.75,12.98,17.307,0.751
0,Anselmann Weißburgunder Trocken 2022,13.0,0.75,12.98,17.307,0.751
0,Ruppertsberger Gold Imperial Off-Dry Riesling 2020,12.0,0.75,11.98,15.973,0.751
0,Hans Baer Riesling 2022,11.0,0.75,10.99,14.653,0.751
0,Lamberti Pinot Grigio Ca' Preella 2022,12.0,0.75,11.98,15.973,0.751
0,Lopez de Haro Rosado 2020,13.0,0.75,12.98,17.307,0.751
0,Baron de Ley Blanco 2022,13.0,0.75,12.98,17.307,0.751
0,Casa Charlize Passonata,13.5,0.75,13.49,17.987,0.751
0,Mayu Rose 2022,13.0,0.75,12.98,17.307,0.751
0,Kingston Estate Chardonnay 2017,13.0,0.75,12.98,17.307,0.751
0,Wyndham Estate Bin 555 Shiraz 2021,14.5,0.75,14.49,19.32,0.751
0,Albert Bichot Beaujolais-Villages Nouveau 2022,13.0,0.75,12.99,17.32,0.751
0,Piqueras Organic Wild Fermented Verdejo 2021,13.0,0.75,12.98,17.307,0.751
0,Le Grand Noir Cabernet Syrah 2021,13.5,0.75,13.49,17.987,0.751
0,Bosseq White Frizzante tölkki,11.5,0.25,3.83,15.32,0.751
0,Savia Viva Organic Cava,11.5,0.75,11.49,15.32,0.751
0,Dark Rosé by Tuure Boelius 2022,13.0,0.75,12.98,17.307,0.751
0,La Vieille Ferme Rouge 2020,13.5,0.75,13.49,17.987,0.751
0,Charles de Fère Blanc de Blanc Brut,11.5,0.75,11.49,15.32,0.751
0,Crudo Catarratto Zibibbo 2022,12.5,0.75,12.48,16.64,0.751
0,Ruppertsberger Imperial Riesling 2022,13.5,0.75,13.49,17.987,0.751
0,Gracia de Chile Cabernet Sauvignon 2020,13.5,0.75,13.49,17.987,0.751
0,Shaman's Salmari,21.0,0.5,13.98,27.96,0.751
0,Casa Charlize Floreale Pinot Grigio Blush 2022,12.0,0.75,11.98,15.973,0.751
0,Gran Barón Rose Cava Brut,12.0,0.75,11.99,15.987,0.751
0,Flor de Morca Garnacha 2022,15.0,0.75,14.98,19.973,0.751
0,Aresti Trisquel Gran Reserva Syrah 2020,14.0,0.75,13.99,18.653,0.751
0,Pajazzo White Notes 2021,12.0,0.75,11.99,15.987,0.751
0,Gran Colossal Reserva 2019,14.0,0.75,13.99,18.653,0.751
0,Saltkis Salty Caramel & Choco Cookie Shot muovipullo,18.0,0.5,11.99,23.98,0.751
0,Afectus Premium by Curvos 2020,14.0,0.75,13.99,18.653,0.751
0,In Me Rosato 2020,12.5,0.75,12.48,16.64,0.751
0,Gracia de Chile Malbec 2019,13.5,0.75,13.49,17.987,0.751
0,Petit Comité del Sió 2021,15.0,0.75,14.98,19.973,0.751
0,Monistrol Selección Especial Cava Brut,11.5,0.75,11.49,15.32,0.751
0,Grillo Selezione di Famiglia Organic 2021,14.0,0.75,13.99,18.653,0.751
0,Le Grand Noir Chardonnay 2022,13.5,0.75,13.49,17.987,0.751
0,Llai Llai Pinot Noir 2021,13.5,0.75,13.49,17.987,0.751
0,Yellow Tail Pinot Grigio 2022,11.5,0.75,11.49,15.32,0.751
0,Zacharias Omikron Retsina,11.5,0.75,11.49,15.32,0.751
0,Castano Hecula Tinto Monastrell,14.0,0.75,13.99,18.653,0.751
0,Simonsig Cabernet Sauvignon Shiraz 2019,13.0,0.75,12.98,17.307,0.751
0,RAW Reserved & Wild Organic  Chardonnay Sauvignon Blanc 2021,13.0,0.75,12.98,17.307,0.751
0,Monte Santi Spritz Bitter Orange,10.0,0.75,9.98,13.307,0.751
0,B-Liv Cabernet Sauvignon Organic 2020,13.0,0.75,12.98,17.307,0.751
0,Bonpas Côtes du Rhône 2022,14.0,0.75,13.99,18.653,0.751
0,In Me Collezione Organic Primitivo 2020,14.5,0.75,14.49,19.32,0.751
0,Rivarose Étoiles Doux,11.0,0.75,10.99,14.653,0.751
0,U/B Botane Vinho Verde 2022,12.0,0.75,11.99,15.987,0.751
0,Raimat Albariño Saira Organic 2021,12.0,0.75,11.98,15.973,0.751
0,Most Wanted Shiraz 2021,13.0,0.75,12.98,17.307,0.751
0,Kaiken Estate Malbec Rosé 2021,13.0,0.75,12.98,17.307,0.751
0,Girl With A Pearl Earring Merlot 2021,13.0,0.75,12.99,17.32,0.751
0,Kein Name Rheinhessen Riesling Trocken,12.0,0.75,11.98,15.973,0.751
0,Ruppertsberger Imperial Pinot Noir 2022,13.0,0.75,12.98,17.307,0.751
0,Espiritu de Chile Appassimento Style 2019,14.0,0.75,13.99,18.653,0.751
0,Wonderland by Minna Parikka Rosé Cava Brut,12.0,0.75,11.98,15.973,0.751
0,Rose Feravino 2022,12.5,0.75,12.48,16.64,0.751
0,Nederburg Shiraz 2019,13.5,0.75,13.49,17.987,0.751
0,Mosaico de Portugal Alvarinho 2021,12.5,0.75,12.48,16.64,0.751
0,Minttu Chocolate Bar Limited Edition,30.0,0.5,19.98,39.96,0.751
0,Les Carabènes Pinot Noir 2021,13.5,0.75,13.49,17.987,0.751
0,Cameleon Organic Cabernet Sauvignon 2022,14.0,0.75,13.99,18.653,0.751
0,Catch & Release Organic Sauvignon Blanc 2020 kartonkitölkki,11.5,0.75,11.48,15.307,0.751
0,Patritti P Shiraz 2019,14.0,0.75,13.99,18.653,0.751
0,Scarlett Essential Pinot Noir 2022,13.0,0.75,12.98,17.307,0.751
0,M. Chapoutier La Ciboise Costières de Nîmes 2019,14.0,0.75,13.99,18.653,0.751
0,Kein Name Zweigelt Rosé Trocken,12.0,0.75,11.98,15.973,0.751
0,Aina Panda Riesling Off-Dry 2022,12.0,0.75,11.98,15.973,0.751
0,Anciano Ribera del Duero Crianza 2018,14.0,0.75,13.99,18.653,0.751
0,Bereich Nahetal 2022,8.0,0.75,7.99,10.653,0.751
0,Yellow Tail Sauvignon Blanc 2022,11.5,0.75,11.49,15.32,0.751
0,Veramonte Reserva Cabernet Sauvignon Syrah Petit Verdot Organic 2020,14.0,0.75,13.99,18.653,0.751
0,Vilma Verigreippi muovipullo,15.0,0.5,9.99,19.98,0.751
0,Conte Ricci Piemonte Barbera 2020,13.0,0.75,12.98,17.307,0.751
0,Vigneti del Vulture Pipoli Aglianico 2020,13.5,0.75,13.49,17.987,0.751
0,Bonpas Légende de Bonpas Luberon 2021,13.0,0.75,12.98,17.307,0.751
0,Satokausi Douro Red 2019,14.0,0.75,13.99,18.653,0.751
0,Crafty Hedgehog Biodynamic 2022,13.5,0.75,13.49,17.987,0.751
0,Simonsig Chenin Blanc 2021,13.5,0.75,13.49,17.987,0.751
0,Belvino Vino Rosé Extra Dry,11.0,0.75,10.99,14.653,0.751
0,Castaño GSM,14.0,0.75,13.99,18.653,0.751
0,Grant Burge Barossa Ink Shiraz 2021,14.5,0.75,14.49,19.32,0.751
0,Beronia Ecologico 2020,14.0,0.75,13.99,18.653,0.751
0,Mezzacorona Maso di Mezzo Riesling x Sylvaner 2022,12.0,0.75,11.98,15.973,0.751
0,Mallaskosken Amber Lager Gluteeniton tölkki,5.5,0.5,3.66,7.32,0.751
0,Pajazzo Red Notes,12.0,0.75,11.99,15.987,0.751
0,Scarlett Gold 2022,13.0,0.75,12.98,17.307,0.751
0,Sofia y Sebastian Organic Riesling 2021 kartonkitölkki,12.5,0.75,12.49,16.653,0.751
0,Cuatro Rayas Cuarenta Vendimias Sauvignon Blanc 2022,13.0,0.75,12.98,17.307,0.751
0,Frischer Morgentau Organic Riesling 2022,12.0,0.75,11.98,15.973,0.751
0,Pietro di Campo Barbera Silenzio  2020,13.0,0.75,12.98,17.307,0.751
0,Passi Reali Organico Appassimento Bianco 2022,14.5,0.75,14.49,19.32,0.751
0,Les Dauphins Rosé 2022,12.0,0.75,11.98,15.973,0.751
0,Freixenet Carta Nevada Cava Medium Dry,11.5,0.75,11.49,15.32,0.751
0,Cavit Sanvigilio Chardonnay 2022,12.0,0.375,5.99,15.973,0.751
0,Waka Sauvignon Blanc 2021,13.0,0.75,12.98,17.307,0.751
0,Rüdesheimer Rosengarten 2021,8.0,0.75,7.99,10.653,0.751
0,Felix Solis Mucho Mas Extra Dry 2022,12.0,0.75,11.98,15.973,0.751
0,Pinknik Rose 2022 hanapakkaus,12.0,1.5,23.99,15.993,0.75
0,Hewitson The Adventures of Miss Harry Riesling 2022 hanapakkaus,10.5,1.5,20.99,13.993,0.75
0,Oneglass Cabernet Sauvignon kartonkitölkki,13.0,0.187,3.24,17.326,0.75
0,Jim Barry Assyrtiko 2018,12.5,0.75,12.50,16.667,0.75
0,Messias Porto Ruby,19.0,0.75,18.99,25.32,0.75
0,Señorío de Iniesta Tempranillo 15.0 2020,15.0,0.75,15.00,20.0,0.75
0,Shaman's Bilberry Vodka,37.5,0.7,34.99,49.986,0.75
0,Grönstedts VS,40.0,0.7,37.34,53.343,0.75
0,Blanche De Montal Armagnac,40.0,0.7,37.36,53.371,0.749
0,Helen & Joey Estate Inara Chardonnay 2019,13.5,0.75,13.51,18.013,0.749
0,Feravino Dika Cabernet Franc 2016,13.5,0.75,13.51,18.013,0.749
0,Errázuriz Estate Series Carmenere 2016,13.5,0.75,13.51,18.013,0.749
0,Clavesana Dogliani 2017,13.5,0.75,13.51,18.013,0.749
0,Laplandia  Vodka,40.0,0.2,10.70,53.5,0.748
0,Gammel Dansk,38.0,0.35,17.79,50.829,0.748
0,Laplandia Bilberry Vodka,40.0,0.7,37.50,53.571,0.747
0,Braastad VS,40.0,0.7,37.49,53.557,0.747
0,Planat VS Select,40.0,0.7,37.49,53.557,0.747
0,Henry Westons Vintage Cider 2019,8.2,0.5,5.49,10.98,0.747
0,Laplandia Lingonberry Vodka,40.0,0.7,37.50,53.571,0.747
0,Wieninger Impulsator,7.5,0.5,5.02,10.04,0.747
0,Luxardo Sambuca Dei Cesari,38.0,0.5,25.44,50.88,0.747
0,Glen Moray Peated Single Malt,40.0,0.7,37.51,53.586,0.746
0,Custoza Terre in Fiore Organic 2022,12.5,0.75,12.56,16.747,0.746
0,Eiko Vodka,40.0,0.7,37.55,53.643,0.746
0,Obolon Premium Lager tölkki,5.0,0.5,3.35,6.7,0.746
0,Viña Pomal Ecologico 2018,13.5,0.75,13.59,18.12,0.745
0,Tarquin's Cornish Dry Gin,42.0,0.35,19.73,56.371,0.745
0,Paulaner Münchner Hell tölkki,4.9,0.5,3.29,6.58,0.745
0,Cuatro Rayas Organic Tempranillo 2022,13.5,0.75,13.59,18.12,0.745
0,Monte dos Amigos Rosé 2022,12.5,0.375,6.29,16.773,0.745
0,Arthur Metz Le Riesling 2020,12.5,0.75,12.59,16.787,0.745
0,Punaisen Tuvan Koskenvarsi,12.5,0.75,12.60,16.8,0.744
0,Punaisen Tuvan Valkkari puolikuiva,12.5,0.75,12.60,16.8,0.744
0,J&B muovipullo,40.0,0.2,10.76,53.8,0.743
0,Saturnus Glögg,8.0,0.75,8.07,10.76,0.743
0,Hayman's Exotic Citrus Gin,41.1,0.7,38.71,55.3,0.743
0,Bols Parfait Amour,24.0,0.5,16.17,32.34,0.742
0,Gassier Coteaux d'Aix-en-Provence Organic 2021 hanapakkaus,12.5,2.25,37.98,16.88,0.741
0,Larsen Very Special muovipullo,40.0,0.5,26.99,53.98,0.741
0,Laplandia Mint Vodka,37.5,0.7,35.49,50.7,0.74
0,Laplandia Lemon Vodka,37.5,0.7,35.49,50.7,0.74
0,Castillo de Molina Gran Reserva Appassimento Style 2022,13.5,0.75,13.68,18.24,0.74
0,Helmi Mangokermalikööri muovipullo,17.0,0.5,11.48,22.96,0.74
0,Laplandia Espresso Vodka,37.5,0.7,35.49,50.7,0.74
0,Laplandia Coconut Vodka,37.5,0.7,35.49,50.7,0.74
0,Patrizi Dogliani 2018,12.5,0.75,12.67,16.893,0.74
0,Saimaa Snapsi,30.0,0.35,14.19,40.543,0.74
0,Moses Vodka,40.0,0.7,37.90,54.143,0.739
0,Absente Absinthe 55,55.0,0.7,52.07,74.386,0.739
0,Baron de Ley Rosado de Lágrima 2022,13.5,0.75,13.72,18.293,0.738
0,Bush Rum Passionfruit & Guava,37.5,0.7,35.57,50.814,0.738
0,Piqueras El Abuelo Extra Dry,11.5,0.75,11.68,15.573,0.738
0,Karpalet muovipullo,16.0,0.35,7.59,21.686,0.738
0,Löwenbräu Oktoberfestbier,6.1,0.5,4.13,8.26,0.738
0,Glen Moray Port Cask Finish Single Malt,40.0,0.7,37.99,54.271,0.737
0,Glen Moray Sherry Cask Finish Single Malt,40.0,0.7,37.99,54.271,0.737
0,Boulard Grand Solage Calvados,40.0,0.5,27.13,54.26,0.737
0,Tamnavulin Sherry Cask Single Malt,40.0,0.7,37.99,54.271,0.737
0,Finlandia Botanical Cucumber and Mint,30.0,0.7,28.48,40.686,0.737
0,Hector Legrand,40.0,0.7,37.99,54.271,0.737
0,Finlandia Botanical Wildberry and Rose,30.0,0.7,28.48,40.686,0.737
0,Olvi IPA Iisalmi Pale Ale tölkki,5.0,0.5,3.39,6.78,0.737
0,Pramia Salmiakki Lakritsi muovipullo,21.0,0.35,9.98,28.514,0.736
0,Quanto Basta Pignoletto Frizzante,11.0,0.2,2.99,14.95,0.736
0,Laplandia Bilberry,40.0,0.2,10.89,54.45,0.735
0,SJK OmaSp Stadion,14.0,0.75,14.29,19.053,0.735
0,Castello Monaci Coribante 2019,14.5,0.75,14.79,19.72,0.735
0,Orimos Grande Reserve 2020,13.5,0.75,13.80,18.4,0.734
0,Crocodile Dandy Rosé 2021,13.5,0.75,13.80,18.4,0.734
0,Villa Puccini Toscana 2019,12.5,0.75,12.79,17.053,0.733
0,Tyryn Tietäjä,20.0,0.5,13.64,27.28,0.733
0,Rocky Porkkanakakku Glögg,8.0,0.75,8.19,10.92,0.733
0,Canaïma Small Batch Gin,47.0,0.7,44.90,64.143,0.733
0,Gebrüder Nittnaus Zweigelt Selection 2021,13.0,0.75,13.31,17.747,0.733
0,Erdinger Pikantus,7.3,0.5,4.98,9.96,0.733
0,Paulaner Hefe-Weissbier tölkki,5.5,0.5,3.75,7.5,0.733
0,Ernst Utvalda FrånToscana,13.5,0.75,13.82,18.427,0.733
0,Bulleit Bourbon,45.0,0.7,42.98,61.4,0.733
0,Douce Nature Organic Merlot 2020,13.0,0.75,13.30,17.733,0.733
0,Freixenet Rosado 2019,12.0,0.75,12.29,16.387,0.732
0,Unicum Barista,34.5,0.5,23.58,47.16,0.732
0,2u Duas Uvas Vinho Verde 2020,11.5,0.375,5.89,15.707,0.732
0,Symington Altano Vinho Branco 2020,12.5,0.75,12.81,17.08,0.732
0,Smashberry 2018,14.0,0.75,14.35,19.133,0.732
0,Freixenet Sauvignon Blanc 2020,12.0,0.75,12.29,16.387,0.732
0,Château Grand Launay 2020,13.5,0.75,13.86,18.48,0.731
0,Jose Cuervo Especial Reposado Tequila,38.0,0.5,25.99,51.98,0.731
0,Porto Cruz White,19.0,0.75,19.49,25.987,0.731
0,Frank Chenin Blanc 2022,13.0,0.375,6.67,17.787,0.731
0,Berliner Kindl Jubiläums Pilsner,5.1,0.5,3.49,6.98,0.731
0,Porto Cruz Pink,19.0,0.75,19.49,25.987,0.731
0,Rascallion Impress Rouge 2018,14.5,0.75,14.87,19.827,0.731
0,Porto Cruz Tawny,19.0,0.75,19.49,25.987,0.731
0,Jose Cuervo Especial Silver Tequila,38.0,0.5,25.99,51.98,0.731
0,La Torre ca' dl' Urs Acqui Brut Rosé 2019,13.0,0.75,13.34,17.787,0.731
0,Southern Comfort,35.0,0.35,16.79,47.971,0.73
0,Leth Duett Riesling & Veltliner 2022,12.5,0.75,12.84,17.12,0.73
0,San Miguel Fresca,4.4,0.33,1.99,6.03,0.73
0,Les Infusions de Villa Noria 2022,12.5,0.75,12.84,17.12,0.73
0,Autenrieder Weizenbock,7.2,0.5,4.94,9.88,0.729
0,Finca Monteflores Cabernet Franc 2022,14.0,0.75,14.41,19.213,0.729
0,Hotti Hedelmä-Salmiakki muovipullo,15.0,0.5,10.29,20.58,0.729
0,Bols Apricot Brandy,24.0,0.5,16.47,32.94,0.729
0,Nik Weis Mosel Urban Riesling 2022 hanapakkaus,10.5,3.0,43.28,14.427,0.728
0,Skagerrak Gin,44.9,0.7,43.18,61.686,0.728
0,Krohn Lágrima Fine White Port,20.0,0.75,20.61,27.48,0.728
0,Asio Otus Bianco,12.5,0.75,12.88,17.173,0.728
0,Hamina Tattoo Valkoviini 2022,13.0,0.75,13.40,17.867,0.728
0,Villa Massa Limoncello,30.0,0.7,28.90,41.286,0.727
0,Cantina di Custoza Pinot Grigio 2022,12.5,0.75,12.90,17.2,0.727
0,50° Riesling 2022 hanapakkaus,12.0,2.0,32.99,16.495,0.727
0,LAB Signature 2019,15.0,0.75,15.48,20.64,0.727
0,Harveys Aperitivo Orange,15.0,0.75,15.47,20.627,0.727
0,Winemalia Medium Dry White Bear Blend 2022 kartonkitölkki,9.0,0.5,6.19,12.38,0.727
0,Pierre Ferrand Dry Curaçao,40.0,0.7,38.50,55.0,0.727
0,Passorone Appassimento,15.0,0.75,15.48,20.64,0.727
0,Tarapacá Reserva Carmenère 2022,13.5,0.375,6.96,18.56,0.727
0,The Whistler Double Oaked,40.0,0.7,38.49,54.986,0.727
0,Gnarly Head Old Vine Zin 2021,14.5,0.75,14.98,19.973,0.726
0,Finca Las Moras Black Label Malbec 2021,14.5,0.75,14.98,19.973,0.726
0,Wakefield Shiraz 2019,14.5,0.75,14.98,19.973,0.726
0,Maxale Appassimento Primitivo 2021,14.5,0.75,14.98,19.973,0.726
0,Montes Limited Selection Pinot Noir 2020,14.5,0.75,14.98,19.973,0.726
0,Normindia Distilled Gin,41.4,0.7,39.89,56.986,0.726
0,Sangre de Toro Reserva Organic 2019,14.5,0.75,14.98,19.973,0.726
0,Bajel Pirata Monastrell 4 Meses en Barrica 2019,14.5,0.75,14.98,19.973,0.726
0,Mayu Gran Reserva Carmenere 2020,14.5,0.75,14.98,19.973,0.726
0,Plan B Shiraz 2019,14.5,0.75,14.98,19.973,0.726
0,Montes Limited Selection Cabernet Sauvignon-Carmenère 2022,14.5,0.75,14.98,19.973,0.726
0,Piqueras Gran Marius Reserva Superior 2017,14.5,0.75,14.98,19.973,0.726
0,Armigero Barbera d'Asti Superiore 2021,14.5,0.75,14.98,19.973,0.726
0,Château Recougne 2019,14.5,0.75,14.98,19.973,0.726
0,Aroa Larrosa 2019,14.5,0.75,14.98,19.973,0.726
0,Torres Gran Coronas Cabernet Sauvignon Reserva 2016,14.5,0.75,14.98,19.973,0.726
0,Gran Appasso Susumaniello 2021,14.5,0.75,14.98,19.973,0.726
0,Casa Marrone Gran Marrone Appassimento Organic 2022,14.5,0.75,14.98,19.973,0.726
0,El Abuelo Seleccion Edición limitada 2019,14.5,0.75,14.98,19.973,0.726
0,Esporão Colheita 2019,14.5,0.75,14.98,19.973,0.726
0,Condestavel Premium,14.0,0.75,14.49,19.32,0.725
0,La Brava Cava Semi Seco Organic,11.5,0.75,11.89,15.853,0.725
0,Plaimont Colombelle Belle et Rebelle 2020,11.5,0.75,11.89,15.853,0.725
0,Nugan Dreamer's Cabernet Sauvignon 2022,14.0,0.75,14.49,19.32,0.725
0,Quinta das Setencostas Reserva 2019,14.0,0.75,14.49,19.32,0.725
0,Lignell's Puolukka-Pihlajanmarja,21.0,0.5,14.49,28.98,0.725
0,Leva Chardonnay Dimiat Muscat tölkki,13.0,0.25,4.48,17.92,0.725
0,Kärppäviini,12.0,0.75,12.42,16.56,0.725
0,M. Chapoutier Costières de Nimes Areca 2022,14.0,0.75,14.49,19.32,0.725
0,Weinert Carrascal 2017,14.0,0.75,14.49,19.32,0.725
0,Passi Reali Organico Appassimento 2022,14.0,0.75,14.49,19.32,0.725
0,Mielensäpahoittajan Parempi Valkoinen 2021,11.5,0.75,11.89,15.853,0.725
0,Don David Malbec Reserve 2022,14.0,0.75,14.49,19.32,0.725
0,Trapiche Pure Black Malbec 2022,14.0,0.75,14.49,19.32,0.725
0,Piqueras Gran Marius Verdejo Barrica 2022,13.5,0.75,13.99,18.653,0.724
0,Santa Julia Organic Viognier 2022,13.5,0.75,13.99,18.653,0.724
0,Silk & Spice Red Blend 2021,13.5,0.75,13.99,18.653,0.724
0,Licor 43 Baristo,31.0,0.7,29.98,42.829,0.724
0,Zuccardi Serie A Chardonnay Viognier 2015,13.5,0.75,13.99,18.653,0.724
0,Saku Kuld,5.2,0.5,3.59,7.18,0.724
0,Black Wine 2022,13.5,0.75,13.99,18.653,0.724
0,Carrascal Syrah 2019,13.5,0.75,13.99,18.653,0.724
0,Most Wanted Regions Primitivo 2022,13.5,0.75,13.99,18.653,0.724
0,Lynx Petite Sirah Zinfandel 2022,13.5,0.75,13.99,18.653,0.724
0,Nugan Dreamer´s Chardonnay 2022,13.5,0.75,13.99,18.653,0.724
0,Piccini Costa Toscana Organic Rosso 2018,13.5,0.75,13.99,18.653,0.724
0,Dark Horse Merlot 2018,13.5,0.75,13.99,18.653,0.724
0,Diablo Golden Chardonnay 2021,13.5,0.75,13.99,18.653,0.724
0,Espiritu de Chile Premium Collection Assemblage 2019,13.5,0.75,13.99,18.653,0.724
0,Parés Baltà Mas Petit Organic 2020,13.5,0.75,13.99,18.653,0.724
0,Castelmondo Valpolicella Ripasso Superiore 2019,13.5,0.75,13.99,18.653,0.724
0,Casa Silva Sauvignon Blanc Sauvignon Gris Organic 2020,13.5,0.75,13.99,18.653,0.724
0,Veuve du Vernay Extra Dry,11.0,0.75,11.39,15.187,0.724
0,Spinyback Pinot Noir 2019,13.5,0.75,13.99,18.653,0.724
0,Spaten München,5.2,0.5,3.59,7.18,0.724
0,Pinha Ribeiro Santo Reserva 2020,13.5,0.75,13.99,18.653,0.724
0,Diablo Dark Red 2022,13.5,0.75,13.99,18.653,0.724
0,Zenato Rosso Veneto 2019,13.5,0.75,13.99,18.653,0.724
0,Marqués de Cáceres Vino Ecológico  2021,13.5,0.75,13.99,18.653,0.724
0,Thatchers Vintage Oak Aged Somerset Cider 2021,7.4,0.5,5.11,10.22,0.724
0,Apothic Red 2020 kartonkitölkki,13.5,0.75,13.98,18.64,0.724
0,Carnivor Cabernet Sauvignon 2019,13.5,0.75,13.99,18.653,0.724
0,Dark Horse Chardonnay 2017,13.5,0.75,13.99,18.653,0.724
0,Dr. Pauly Bergweiler Blitz Pink Riesling,11.0,0.75,11.39,15.187,0.724
0,Nederburg Edelrood 2020,13.0,0.75,13.49,17.987,0.723
0,Schneider's Bayrisch Hell,4.9,0.5,3.39,6.78,0.723
0,Lapin Kulta Pure Luomu tölkki,4.5,0.5,3.11,6.22,0.723
0,Koskenkorva Choco-Coffee muovipullo,15.0,0.5,10.38,20.76,0.723
0,Santa Julia Organic Malbec 2022,13.0,0.75,13.49,17.987,0.723
0,Plymouth Gin Navy Strength,57.0,0.7,55.19,78.843,0.723
0,Pfaff Pinot Blanc 2019,13.0,0.75,13.49,17.987,0.723
0,Leyda Reserva Riesling 2022,13.0,0.75,13.49,17.987,0.723
0,Viña Albali Gran Reserva 2017,13.0,0.75,13.49,17.987,0.723
0,Doppio Passo Organic Primitivo 2021,13.0,0.75,13.49,17.987,0.723
0,Leyda Reserva Sauvignon Blanc 2022,13.0,0.75,13.49,17.987,0.723
0,Vanitá Pecorino 2022,13.0,0.75,13.49,17.987,0.723
0,Santa Tresa Organic Frappato 2020,13.0,0.75,13.49,17.987,0.723
0,Zensa Nero di Troia Organico 2021,13.0,0.75,13.49,17.987,0.723
0,Hunawihr Pinot Blanc Réserve 2022,13.0,0.75,13.49,17.987,0.723
0,Villa Valentina Il Classico Bianco Organic 2019,13.0,0.75,13.49,17.987,0.723
0,Bubble Attraction Rose Cava Extra Seco,11.5,0.75,11.93,15.907,0.723
0,Viva Valentina Organic Pinot Grigio 2022,13.0,0.75,13.49,17.987,0.723
0,Bestheim Riesling Premium Réserve 2019,12.5,0.75,12.98,17.307,0.722
0,Umani Ronchi Vellodoro Pecorino 2022,12.5,0.75,12.98,17.307,0.722
0,Wise Wolf Rosé 2021,12.5,0.75,12.98,17.307,0.722
0,Setencostas Premium Alvarinho 2022,12.5,0.75,12.98,17.307,0.722
0,Zenato Soave Classico 2022,12.5,0.75,12.98,17.307,0.722
0,Mezzacorona Pinot Grigio 2022,12.5,0.75,12.98,17.307,0.722
0,Koskenkorva Raspberry Pine muovipullo,37.5,0.2,10.39,51.95,0.722
0,Xanadu Exmoor Sauvignon Blanc Semillon 2020,12.5,0.75,12.98,17.307,0.722
0,Arraez La Madriguera Blanco 2022,12.5,0.75,12.98,17.307,0.722
0,Frey Single Vineyard Organic Riesling 2021,12.5,0.75,12.98,17.307,0.722
0,Cono Sur Organic Sauvignon Blanc 2022,12.5,0.75,12.98,17.307,0.722
0,Quinta de Chocapalha Arinto 2016,12.5,0.75,12.98,17.307,0.722
0,Soupcon de Fruit Rosé de Loire 2022,12.5,0.75,12.98,17.307,0.722
0,Torres Viña Esmeralda Rosé 2021,12.5,0.75,12.98,17.307,0.722
0,Aveleda Alvarinho 2022,12.5,0.75,12.98,17.307,0.722
0,Mon Grand Grenache Blanc 2021,12.5,0.75,12.98,17.307,0.722
0,Riesberg DRTY Riesling 2022,12.5,0.75,12.98,17.307,0.722
0,Bonpas Côtes-du-Rhône Rosé 2022,12.5,0.75,12.98,17.307,0.722
0,Codorníu BeFrizz Bubbly Rosé tölkki,11.5,0.25,3.98,15.92,0.722
0,JP. Chenet Medium Sweet 2021,11.5,0.25,3.98,15.92,0.722
0,Bols Cacao White,24.0,0.5,16.64,33.28,0.721
0,Fragranza d'Oro Rosé 2021,12.0,0.75,12.48,16.64,0.721
0,Baglietti No1 Organic Rosé,12.0,0.75,12.48,16.64,0.721
0,Calvet Célébration Rosé Brut,12.0,0.75,12.48,16.64,0.721
0,Tsantali Halkidiki White 2019,12.0,0.75,12.48,16.64,0.721
0,Tarapacá Reserva Organic Syrah 2021,14.0,0.375,7.28,19.413,0.721
0,Couleurs Du Sud Les Petits Détours 2022,12.0,0.75,12.48,16.64,0.721
0,Smiley Merlot,12.0,0.75,12.48,16.64,0.721
0,360° Loire Chenin Blanc 2022,12.0,0.75,12.48,16.64,0.721
0,Vinistella La Passione Organico Pinot Grigio 2022,12.0,0.75,12.48,16.64,0.721
0,360° Loire Sauvignon Blanc  2022,12.0,0.75,12.48,16.64,0.721
0,Weinmann Klassik Grüner Veltliner 2022,12.0,0.75,12.48,16.64,0.721
0,Reviseur VS,40.0,1.0,55.49,55.49,0.721
0,Nau Mai Sauvignon Blanc 2022 viinipussi,12.0,1.5,24.98,16.653,0.721
0,Jaume Serra Organic Cava Brut,11.5,0.75,11.98,15.973,0.72
0,Lol Fisu Shot,15.0,0.7,14.58,20.829,0.72
0,Savia Viva Familia Organic Xarel-lo 2021,11.5,0.75,11.98,15.973,0.72
0,S de la Sablette Sauvignon Blanc 2021,11.5,0.75,11.98,15.973,0.72
0,Aura Tumma tölkki,5.2,0.5,3.61,7.22,0.72
0,Azulejo Vinho Verde Rosé 2022,11.5,0.75,11.98,15.973,0.72
0,Corvezzo Organic Spumante Extra Dry,11.5,0.75,11.98,15.973,0.72
0,Münzberg Pinot Noir,13.0,0.75,13.55,18.067,0.72
0,Koskenkorva Ginger muovipullo,21.0,0.5,14.59,29.18,0.72
0,Mont-Ferrant Americano Organic Cava Brut Nature,11.5,0.75,11.98,15.973,0.72
0,Blossom Cava Brut,11.5,0.75,11.98,15.973,0.72
0,LOL Salmiakki Shot,15.0,0.7,14.58,20.829,0.72
0,Josef & Philipp Bründlmayer Zweigelt Rosé 2022,11.5,0.75,11.98,15.973,0.72
0,Bols Creme de Menthe,24.0,0.5,16.67,33.34,0.72
0,Crazy Cat Cava Semi Seco,11.5,0.75,11.98,15.973,0.72
0,Jaume Serra Rosado Cava Brut,11.5,0.75,11.98,15.973,0.72
0,Ginato Pompelmo Gin,43.0,0.7,41.78,59.686,0.72
0,Yalumba Y Series Riesling 2021,11.5,0.75,11.98,15.973,0.72
0,Château Roc De Boissac Le Vieux Chantre 2021,13.5,0.75,14.09,18.787,0.719
0,Fine Riesling 2022,11.5,0.75,12.00,16.0,0.719
0,Scandinavian Banana Laku Shot muovipullo,21.0,0.5,14.61,29.22,0.719
0,Beefeater Blood Orange,37.5,0.7,36.50,52.143,0.719
0,Maschio Rosé Extra Dry,11.5,0.75,11.99,15.987,0.719
0,Scandinavian Coconut Laku Shot muovipullo,21.0,0.5,14.61,29.22,0.719
0,De Kuyper Crème de Menthe,24.0,0.5,16.69,33.38,0.719
0,E.T.51 Premium Rum,40.0,0.7,38.93,55.614,0.719
0,Beefeater Zesty Lemon,37.5,0.7,36.50,52.143,0.719
0,Jaloviina Myrsky,30.0,0.5,20.88,41.76,0.718
0,Gran Passione Organic Dry,11.0,0.75,11.49,15.32,0.718
0,Jaloviina Kaski,30.0,0.5,20.88,41.76,0.718
0,Jaloviina Hanki,30.0,0.5,20.88,41.76,0.718
0,Carlo Rossi California Rosé,10.5,0.75,10.97,14.627,0.718
0,Monistrol Selección Especial Rosé Cava Brut,11.0,0.75,11.49,15.32,0.718
0,Ruppertsberger Hofstück Riesling 2022,11.0,0.75,11.49,15.32,0.718
0,Monistrol Selección Especial Cava Semi Seco,11.0,0.75,11.49,15.32,0.718
0,Poli Elisir Prugna,40.0,0.7,38.98,55.686,0.718
0,Schmitt Söhne Riesling  2021,11.0,0.75,11.49,15.32,0.718
0,Carlin de Paolo Cursus Vitae 2021,13.5,0.75,14.11,18.813,0.718
0,Jaloviina Jalmari,30.0,0.5,20.88,41.76,0.718
0,Loch Lomond Original Single Malt,40.0,0.7,38.98,55.686,0.718
0,Captain Morgan Original Spiced Gold,35.0,0.2,9.76,48.8,0.717
0,Prado Rey 2015,13.0,0.75,13.59,18.12,0.717
0,Moselland Riesling Kabinett 2022 hanapakkaus,8.0,3.0,33.48,11.16,0.717
0,Mufloni DIPA tölkki,8.0,0.44,4.91,11.159,0.717
0,Septima Tierra Los Chacayes Malbec 2020,15.0,0.75,15.69,20.92,0.717
0,Blitz Riesling 2022,10.5,0.75,10.99,14.653,0.717
0,Asio Otus,13.0,0.75,13.59,18.12,0.717
0,Jacob's Creek Riesling 2022,10.5,0.75,10.99,14.653,0.717
0,Fürst von Metternich Riesling Sekt Trocken,12.5,0.75,13.09,17.453,0.716
0,Bombay Citron Pressé Gin,37.5,0.7,36.66,52.371,0.716
0,Discarded Grape Skin Chardonnay Vodka,40.0,0.7,39.12,55.886,0.716
0,Blossa Rose Glögg,10.0,0.75,10.48,13.973,0.716
0,Captain Morgan Sliced Apple,25.0,0.7,24.43,34.9,0.716
0,Heinrich Red Magnum 2015,12.5,1.5,26.19,17.46,0.716
0,Weihenstephaner Vitus Weizenbock,7.7,0.5,5.38,10.76,0.716
0,Valkia Puutarha Omena-raparperi muovipullo,15.0,0.5,10.49,20.98,0.715
0,The Quiet Man,40.0,0.5,27.98,55.96,0.715
0,Strega Liquore,40.0,0.5,27.98,55.96,0.715
0,Martini Fiero,14.9,0.75,15.62,20.827,0.715
0,Alcesti Heila Bianco 2022,12.0,0.75,12.58,16.773,0.715
0,Jack Daniel's Old No. 7 muovipullo,40.0,0.5,27.98,55.96,0.715
0,Blue Nun Rivaner 2021,10.0,0.75,10.49,13.987,0.715
0,Massenez Crème de Peche,20.0,0.7,19.59,27.986,0.715
0,Coquerel VSOP Calvados,40.0,0.7,39.20,56.0,0.714
0,Mint Fresh Pfefferminzlikör,20.0,0.2,5.60,28.0,0.714
0,Teisnacher Pils,4.5,0.5,3.15,6.3,0.714
0,Little Sheep Organic Sauvignon Blanc 2022 hanapakkaus,12.5,2.0,34.99,17.495,0.714
0,Vecchioflorio Marsala Superiore 2019,18.0,0.75,18.90,25.2,0.714
0,Beck's,5.0,0.33,2.31,7.0,0.714
0,La Cigogne Kirsch,45.0,0.7,44.11,63.014,0.714
0,Punaisen Tuvan Valkkari puolimakea,12.0,0.75,12.60,16.8,0.714
0,Laroche Le Petit Chardonnay 2021,9.5,0.75,9.98,13.307,0.714
0,Kiwi Cuvée Bin 69 Pinot Noir 2020,12.5,0.75,13.15,17.533,0.713
0,Zuccardi Malamado Malbec,19.0,0.75,19.99,26.653,0.713
0,Conde de Monsul Tawny Port,19.0,0.75,19.98,26.64,0.713
0,Rouge de Carsin 2019,14.5,0.75,15.26,20.347,0.713
0,Olmeca Silver Tequila,35.0,0.7,34.40,49.143,0.712
0,Mallaskoski Craft Pils tölkki,5.0,0.5,3.51,7.02,0.712
0,LAB Vinho Verde White,11.0,0.375,5.79,15.44,0.712
0,Weihenstephaner Kristall Weissbier,5.4,0.5,3.79,7.58,0.712
0,Sauska Siller 2020,13.0,0.75,13.70,18.267,0.712
0,Bodem Las Margas Garnacha 2019,15.0,0.75,15.81,21.08,0.712
0,Santa Clara Blanc de Blancs 2022,14.0,0.75,14.76,19.68,0.711
0,Mini-Vacanza Organic Puglia Primitivo by Huono Äiti 2022,14.5,0.75,15.29,20.387,0.711
0,Crudo 2022 muovipullo,12.5,0.375,6.59,17.573,0.711
0,Mayu Gran Reserva Malbec 2019,14.5,0.75,15.29,20.387,0.711
0,Pico Maccario Lavignone Barbera d'Asti 2021,14.0,0.75,14.77,19.693,0.711
0,Fleurs de Prairie Sparkling Rosé Brut,12.0,0.75,12.65,16.867,0.711
0,Perlage Pinot Grigio delle Venezie 2021,12.0,0.75,12.65,16.867,0.711
0,Patrizi Brut Rosé,11.0,0.75,11.62,15.493,0.71
0,Retsina Lafazanis,11.5,0.75,12.14,16.187,0.71
0,Mulata Palma Superior,38.0,1.0,53.55,53.55,0.71
0,Vega Vella Rosado 2020,13.5,0.75,14.26,19.013,0.71
0,Murviedro Coleccion Sauvignon Blanc 2019,12.0,0.1875,3.17,16.907,0.71
0,Island Signature Tierra Madre,40.0,0.7,39.50,56.429,0.709
0,Königsmosel Riesling 2021 hanapakkaus,8.5,3.0,35.99,11.997,0.709
0,Bayou Spiced,40.0,0.7,39.49,56.414,0.709
0,Island Signature Yellow Snake Amber Rum,40.0,0.7,39.50,56.429,0.709
0,Island Signature Turquoise Bay Amber Rum,40.0,0.7,39.50,56.429,0.709
0,Chateau Cafol 2016,14.0,0.75,14.81,19.747,0.709
0,Tandem Inmacula 2016,14.0,0.75,14.81,19.747,0.709
0,VignaPura Organic Primitivo 2019,13.5,0.75,14.28,19.04,0.709
0,Vine Roots Garnacha 2020,14.5,0.75,15.34,20.453,0.709
0,Argento Reserva Cabernet Franc 2014,14.0,0.75,14.81,19.747,0.709
0,Island Signature Anacaona Gran Reserva Rum,40.0,0.7,39.50,56.429,0.709
0,Verdecillo Monastrel Organic 2021,14.5,0.75,15.33,20.44,0.709
0,Gemma di Luna Red Gem,13.5,0.75,14.30,19.067,0.708
0,Alma De Blanco Godello 2021,13.0,0.75,13.77,18.36,0.708
0,Keurusseudun Marja,12.0,0.75,12.71,16.947,0.708
0,Krohn Ruby Port,20.0,0.375,10.59,28.24,0.708
0,Valamon Kirkkoviini,15.0,0.75,15.88,21.173,0.708
0,Karhu Ruis IPA tölkki,5.3,0.5,3.75,7.5,0.707
0,Goccia Celi 2020 paperipullo,13.5,0.75,14.32,19.093,0.707
0,Cantina Cellaro Solea Biologico Nero d'Avola 2021,13.0,0.75,13.80,18.4,0.707
0,Malmio Cacao Liqueur muovipullo,20.0,0.35,9.90,28.286,0.707
0,Festive Glögi,8.0,0.75,8.49,11.32,0.707
0,Spaten Oktoberfestbier,5.9,0.5,4.17,8.34,0.707
0,Wild Turkey 101,50.5,0.7,49.97,71.386,0.707
0,Braun Ein Liter Riesling Trocken 2022,12.0,1.0,16.98,16.98,0.707
0,Victorie l'Audacieuse Rosé 2020,13.0,0.75,13.80,18.4,0.707
0,Mufloni CCCCC IPA,7.0,0.5,4.96,9.92,0.706
0,San Miguel Selecta,6.2,0.33,2.90,8.788,0.706
0,Alcymist Amaretto,28.0,0.35,13.89,39.686,0.706
0,Andechs Doppelbock Dunkel,7.1,0.5,5.03,10.06,0.706
0,Briego Vendimia Seleccionada 2021,14.5,0.75,15.40,20.533,0.706
0,Most Wanted Zinfandel 2020,14.0,0.75,14.89,19.853,0.705
0,Sartori Marani Appassimento 2021,13.5,0.75,14.36,19.147,0.705
0,Abbaye d’Aulne Premier Cru,9.0,0.33,4.21,12.758,0.705
0,Trerose Rosso di Montepulciano 2020,14.0,0.75,14.89,19.853,0.705
0,Lindeman's Cawarra Shiraz Cabernet 2021,13.5,0.187,3.58,19.144,0.705
0,Henry Westons British Vintage 2021,7.3,0.5,5.18,10.36,0.705
0,Toro de Piedra Gran Reserva Carignan 2020,14.0,0.75,14.89,19.853,0.705
0,Henry Westons Cloudy Vintage Cider,7.3,0.5,5.18,10.36,0.705
0,The Flying Spaghetti Monster Pinot Grigio 2022,12.5,0.75,13.30,17.733,0.705
0,Bonterra Organic Zinfandel 2021,15.0,0.75,15.99,21.32,0.704
0,I.L.O. Susumaniello Rosso 2021,15.0,0.75,15.99,21.32,0.704
0,Kleine Zalze Cape Red 2021,15.0,0.75,15.99,21.32,0.704
0,Winzergenossenschaft Herxheim am Berg Silvaner Trocken 2022,12.0,0.75,12.79,17.053,0.704
0,Becherovka,38.0,0.5,26.98,53.96,0.704
0,Villa Puccini Vermentino 2022,12.0,0.75,12.79,17.053,0.704
0,Septima Sauvignon Blanc 2022,12.0,0.75,12.79,17.053,0.704
0,Lazzaroni Maraschino,25.0,0.5,17.76,35.52,0.704
0,Tsantali Moscato Limnos,15.0,0.75,15.99,21.32,0.704
0,19 Crimes Red wine 2021,13.5,0.75,14.39,19.187,0.704
0,Suomen Merimieskirkko Kirkkoviiniä Kyrkvin Malaga,15.0,0.75,15.99,21.32,0.704
0,Loimu Väkevä Valkoviiniglögi,15.0,0.75,15.99,21.32,0.704
0,Kulmbacher Festbier,5.6,0.5,3.98,7.96,0.704
0,Crafty Hedgehog Syrah Rosé 2020,12.5,0.75,13.32,17.76,0.704
0,Rocca Di Montemassi Calasole Vermentino 2020,13.0,0.75,13.87,18.493,0.703
0,Le Grand Noir Cabernet Syrah 2021 muovipullo,13.5,0.187,3.59,19.198,0.703
0,Soerlie VS,40.0,1.0,56.90,56.9,0.703
0,Ironstone Chardonnay 2021,14.5,0.75,15.48,20.64,0.703
0,Rabo de Galo Reserva 2021,14.5,0.75,15.48,20.64,0.703
0,Barahonda Barrica Monastrell Syrah 2020,14.5,0.75,15.48,20.64,0.703
0,Ironstone Old Vine Zinfandel 2020,14.5,0.75,15.48,20.64,0.703
0,Brill Vegyes Gyümölcspalinka,40.0,1.0,56.87,56.87,0.703
0,JSC Tsinandali 2019,13.0,0.75,13.86,18.48,0.703
0,Obsession Red 2017,14.5,0.75,15.48,20.64,0.703
0,No Bull Petite Sirah 2021,13.0,0.75,13.86,18.48,0.703
0,Castillo de Madax Rosado 2022,12.0,0.75,12.81,17.08,0.703
0,Corte Fiore Appassimento 2020,14.5,0.75,15.48,20.64,0.703
0,Terre del Barolo Barbera d'Alba Biologico 2018,14.5,0.75,15.48,20.64,0.703
0,No 3 London Dry Gin,46.0,0.7,45.82,65.457,0.703
0,Berneroy VSOP,40.0,0.7,39.90,57.0,0.702
0,Massenez Vieille Prune,40.0,0.7,39.90,57.0,0.702
0,Irlbacher Exzellent,5.6,0.5,3.99,7.98,0.702
0,Petit Enira 2018,14.5,0.75,15.49,20.653,0.702
0,Weltenburger Kloster Spezial Festbier,5.6,0.5,3.99,7.98,0.702
0,Segredos de São Miguel Grande Escolha 2021,14.0,0.75,14.98,19.973,0.701
0,Henry Westons Perry,7.4,0.5,5.28,10.56,0.701
0,El Cortez XO Extra Ordinario,14.0,0.75,14.98,19.973,0.701
0,Loacker Falko Rosso 2018,14.0,0.75,14.98,19.973,0.701
0,Lunaria Ruminat Primitivo 2021,14.0,0.75,14.98,19.973,0.701
0,Buffalo Barrel Bourbon Barrel Aged Zinfandel 2021,14.0,0.75,14.98,19.973,0.701
0,Cousiño-Macul Antiguas Reservas Cabernet Sauvignon 2019,14.0,0.75,14.98,19.973,0.701
0,Château de la Jaubertie Cuvée Tradition Rouge 2019,14.0,0.75,14.98,19.973,0.701
0,Famiglia Grillo Traditional Organic Rosso,14.0,0.75,14.98,19.973,0.701
0,Forest Hill Vineyard Shiraz 2016,14.0,0.75,14.98,19.973,0.701
0,Grand Vin de Stellenbosch Cape Blend 2019,14.0,0.75,14.98,19.973,0.701
0,Domini Veneti Pruviniano Appassimento 2021,14.0,0.75,14.98,19.973,0.701
0,El Cantico Rioja 2021,14.0,0.75,14.98,19.973,0.701
0,Orsogna Lunaria Coste di Moro Montepulciano d'Abruzzo 2019,14.0,0.75,14.98,19.973,0.701
0,Lynx Black Label Petite Sirah 2022,14.0,0.75,14.98,19.973,0.701
0,Nugan Alfredo Second Pass Shiraz 2021,14.0,0.75,14.98,19.973,0.701
0,Diplomático Mantuano,40.0,0.35,19.98,57.086,0.701
0,Moillard Beaujolais-Villages Nouveau 2023,13.0,0.75,13.90,18.533,0.701
0,Cono Sur Single Vineyard 8 Grapes 2019,14.0,0.75,14.98,19.973,0.701
0,Portal da Calcada Reserva Vinho Verde 2021,11.5,0.75,12.31,16.413,0.701
0,Viva Valentina Il Classico Organic 2022,14.0,0.75,14.98,19.973,0.701
0,Piedemonte Baserriberri 2016,14.0,0.75,14.98,19.973,0.701
0,Herdade de São Miguel Colheita Seleccionada Tinto 2021,14.0,0.75,14.98,19.973,0.701
0,Baglio Onuri Nerello Mascalese 2019,14.0,0.75,14.98,19.973,0.701
0,Plantation Xaymaca Special Dry,43.0,0.7,42.95,61.357,0.701
0,Björklund Tinto Reserva 2020,14.0,0.75,14.98,19.973,0.701
0,Pizzanpaistajat 2021,14.0,0.75,14.98,19.973,0.701
0,Camden Park Shiraz Grenache 2021,14.0,0.75,14.98,19.973,0.701
0,La Granja 360 Cava Brut,11.5,0.75,12.31,16.413,0.701
0,Fontanafredda Briccotondo Piemonte Barbera 2020,14.0,0.75,14.98,19.973,0.701
0,Austo Merlot Appassite 2020,14.0,0.75,14.98,19.973,0.701
0,Arancione Originale Valpolicella Ripasso Superiore 2020,14.0,0.75,14.98,19.973,0.701
0,Puolustuslaitos Punaviiniä 2019,14.0,0.75,14.98,19.973,0.701
0,Basciano Chianti Rufina 2021,14.0,0.75,14.98,19.973,0.701
0,Canerock,40.0,0.7,39.99,57.129,0.7
0,Asbach Original 3 Year Old,38.0,0.7,37.98,54.257,0.7
0,Staropramen tölkki,5.0,0.5,3.57,7.14,0.7
0,Teeling Small Batch,46.0,0.7,45.99,65.7,0.7
0,Plantation Stiggins' Fancy Pineapple,40.0,0.7,39.99,57.129,0.7
0,Spytail,40.0,0.7,39.99,57.129,0.7
0,Patritti Merlot 2021,14.0,0.75,14.99,19.987,0.7
0,Cointreau,40.0,0.7,39.98,57.114,0.7
0,Memoria Primitivo di Manduria 2021,14.0,0.75,14.99,19.987,0.7
0,Kendermanns Organic 2022,11.0,0.75,11.79,15.72,0.7
0,Veuve du Vernay Ice Rosé Demi-Sec,11.0,0.75,11.79,15.72,0.7
0,Aerstone 10 Years Old Land Cask Single Malt,40.0,0.7,39.98,57.114,0.7
0,Negrita Rum Cream,17.0,0.7,16.99,24.271,0.7
0,Plantation Isle of Fiji,40.0,0.7,39.98,57.114,0.7
0,Sinfo Tinto Roble Viñas Viejas 2019,14.0,0.75,14.99,19.987,0.7
0,The Kraken Black Spiced,40.0,0.7,39.99,57.129,0.7
0,Ginuine Swiss Gin Strawberry,40.0,0.7,39.99,57.129,0.7
0,Viva Valentina Il Classico Organic 2022 hanapakkaus,14.0,1.5,29.99,19.993,0.7
0,Artuke Tinto 2022,13.5,0.75,14.49,19.32,0.699
0,Frison Riesling Sauvignon Blanc 2023,12.0,0.75,12.88,17.173,0.699
0,Mayu Riesling 2022,13.0,0.75,13.95,18.6,0.699
0,Chateau Rossignol 2016,13.5,0.75,14.49,19.32,0.699
0,Paulaner Oktoberfestbier,6.0,0.5,4.29,8.58,0.699
0,Cuatro Pasos,13.5,0.75,14.49,19.32,0.699
0,Crooked Mick Chardonnay 2021,13.0,0.75,13.95,18.6,0.699
0,Grass Roots Organic Hunter Valley Shiraz 2022,13.5,0.75,14.49,19.32,0.699
0,Ruppertsberger Grand Imperial Riesling 2022 hanapakkaus,13.5,1.5,28.99,19.327,0.699
0,Casali del Barone 150+1 Piemonte Barbera 2021,13.5,0.75,14.49,19.32,0.699
0,Martinez Marsala Superiore Riserva Dolce,18.0,0.375,9.66,25.76,0.699
0,Punto Final Syrah Merlot 2021,13.5,0.75,14.49,19.32,0.699
0,Kasteel Donker,11.0,0.33,5.19,15.727,0.699
0,Enguera Aliats Tinto 2022,13.5,0.75,14.49,19.32,0.699
0,Fernet-Branca,39.0,0.5,27.95,55.9,0.698
0,Black Irish,40.0,0.7,40.13,57.329,0.698
0,Lahden Erikois Hazy Pale Ale tölkki,4.8,0.5,3.44,6.88,0.698
0,Niepoort Ruby,20.0,0.375,10.75,28.667,0.698
0,Cantina di Custoza Bardolino Chiaretto 2022,12.0,0.75,12.90,17.2,0.698
0,Koff Long Drink Pink Grapefruit tölkki,5.5,0.33,2.60,7.879,0.698
0,Koff Long Drink Lime & Vodka tölkki,5.5,0.33,2.60,7.879,0.698
0,Esporão Monte Velho Branco 2021,13.0,0.375,6.98,18.613,0.698
0,Koff Long Drink Gin & Wild Strawberry tölkki,5.5,0.33,2.60,7.879,0.698
0,Koff Long Drink tölkki,5.5,0.33,2.60,7.879,0.698
0,Dark Horse Sauvignon Blanc 2019,13.0,0.75,13.99,18.653,0.697
0,Campo Viejo Reserva Cava Brut,11.5,0.75,12.38,16.507,0.697
0,Hunawihr Riesling Réserve 2021,13.0,0.75,13.99,18.653,0.697
0,Lynx Barrel Fermented Chardonnay 2022,13.0,0.75,13.99,18.653,0.697
0,Nanit Natural Wine Red 2022,13.0,0.75,13.99,18.653,0.697
0,Pipoli Bianco Basilicata 2022,13.0,0.75,13.99,18.653,0.697
0,Carpineto Originale,13.0,0.75,13.99,18.653,0.697
0,Vanità Nero d'Avola Organico 2021,13.0,0.75,13.99,18.653,0.697
0,Bowsaw Small Batch Straight Corn American Whiskey,43.0,0.7,43.20,61.714,0.697
0,Pipoli Rosato Basilicata 2022,13.0,0.75,13.99,18.653,0.697
0,Ca' Bolani Pinot Grigio 2022,13.0,0.75,13.99,18.653,0.697
0,Murrina Greco di Tufo 2022,13.0,0.75,13.99,18.653,0.697
0,Aresti Syrah Cabernet Reserva Especial 2021,13.0,0.75,13.99,18.653,0.697
0,Matua Marlborough Sauvignon Blanc 2023 hanapakkaus,12.5,1.5,26.89,17.927,0.697
0,Pinocchio Vino Rosso d'Italia,13.0,0.75,13.99,18.653,0.697
0,12 Knights Red 2021,13.0,0.75,13.99,18.653,0.697
0,Bombay Bramble Gin,37.5,0.7,37.66,53.8,0.697
0,Vicarage Lane Marlborough Sauvignon Blanc 2023,13.0,0.75,13.99,18.653,0.697
0,Silk & Spice White Blend 2021,13.0,0.75,13.99,18.653,0.697
0,La Falaise Blanche Chardonnay 2022,13.0,0.75,13.99,18.653,0.697
0,Nanit Orange Wine 2022,13.0,0.75,13.99,18.653,0.697
0,Old Invalid Ruby Port,19.5,0.75,20.98,27.973,0.697
0,Hans Baer Sauvignon Blanc 2021,10.5,0.75,11.30,15.067,0.697
0,Piccini Organic Chianti 2019,13.0,0.75,13.99,18.653,0.697
0,La Petite Perriere Pinot Noir 2022,13.0,0.75,13.99,18.653,0.697
0,Gisselbrecht Gewurztraminer Tradition 2021,13.0,0.75,13.99,18.653,0.697
0,Casa Fina Chardonnay tölkki,12.5,0.25,4.49,17.96,0.696
0,Casa Fina Cabernet Sauvignon tölkki,12.5,0.25,4.49,17.96,0.696
0,Casa Fina Chardonnay 4-pack tölkki,12.5,1.0,17.96,17.96,0.696
0,Casa Fina Cabernet Sauvignon 4-pack tölkki,12.5,1.0,17.96,17.96,0.696
0,Andechs Weizenbock,7.0,0.5,5.03,10.06,0.696
0,Postrižiny Francinuv ležák,5.0,0.5,3.59,7.18,0.696
0,Casa Fina Tempranillo Rosé tölkki,12.5,0.25,4.49,17.96,0.696
0,La Petite Perriere Rose Pinot Noir 2020,12.5,0.75,13.49,17.987,0.695
0,Classic Cocktails Mojito hanapakkaus,12.5,1.5,26.98,17.987,0.695
0,Pizzolato Piwi Kon-Tiki Rosso 2022,12.5,0.75,13.49,17.987,0.695
0,Tenute Rossetti Chianti 2021,12.5,0.75,13.49,17.987,0.695
0,Château Bonnet Blanc 2019,12.5,0.75,13.49,17.987,0.695
0,Leyda Reserva Pinot Noir 2022,12.5,0.75,13.49,17.987,0.695
0,Doppio Passo Organic Grillo 2022,12.5,0.75,13.49,17.987,0.695
0,Ruffino Orvieto Classico 2021,12.5,0.75,13.49,17.987,0.695
0,Zenato Custoza 2021,12.5,0.75,13.48,17.973,0.695
0,Reh Kendermann Tausendhugel Riesling 2022,12.5,0.75,13.49,17.987,0.695
0,Bottega Limoncino Bio,30.0,0.5,21.57,43.14,0.695
0,Ruppertsberger Organic Vegan Riesling 2021,12.5,0.75,13.49,17.987,0.695
0,Pizzolato No Added Sulphites Organic Cabernet 2022,12.5,0.75,13.49,17.987,0.695
0,La Petite Perriere Sauvignon 2022,12.5,0.75,13.49,17.987,0.695
0,Julius Rosé Cuvée Organic 2021,12.5,0.75,13.49,17.987,0.695
0,Anselmann Gewürztraminer Trocken 2022,12.5,0.75,13.49,17.987,0.695
0,Zonin Gran Cuvèe Extra Dry,11.0,0.75,11.89,15.853,0.694
0,Mallaskoski Craft Pils Suodattamaton tölkki,5.0,0.5,3.60,7.2,0.694
0,The Busker Single Pot Still,44.3,0.7,44.69,63.843,0.694
0,The Busker Single Malt,44.3,0.7,44.69,63.843,0.694
0,The Busker Single Grain,44.3,0.7,44.69,63.843,0.694
0,Castellblanc Rosado Cava Medium Dry,12.0,0.75,12.98,17.307,0.693
0,Frey Summer Organic Grauer Burgunder 2022,12.0,0.75,12.98,17.307,0.693
0,Karhu Kupari tölkki,4.7,0.5,3.39,6.78,0.693
0,Jean Biecher Riesling Réserve Organic 2022,12.0,0.75,12.99,17.32,0.693
0,Domäne Wachau Gruner Veltliner Selection 2022 hanapakkaus,12.0,1.5,25.98,17.32,0.693
0,Jacob's Creek Le Petit Rosé 2021,12.0,0.75,12.98,17.307,0.693
0,Hans Baer Dornfelder Glühwein,9.5,0.75,10.28,13.707,0.693
0,Pillitteri Market Collection Lena’s Bianco Gewurztraminer Riesling 2019,12.0,0.75,12.98,17.307,0.693
0,Villa Wolf Riesling 2022,12.0,0.75,12.98,17.307,0.693
0,Pazzione Rose by Pernilla Wahlgren 2020,12.0,0.75,12.98,17.307,0.693
0,Berg Riesling Hochgewächs 2020,12.0,0.75,12.98,17.307,0.693
0,Scarlett Essential Shiraz 2021,12.0,0.75,12.98,17.307,0.693
0,Fiorito Limoncello Superiore,31.0,0.5,22.39,44.78,0.692
0,Noilly Prat Original Dry,18.0,0.75,19.51,26.013,0.692
0,Olmeca Reposado Tequila,35.0,0.7,35.40,50.571,0.692
0,Mateus Sparkling Rosé Demi Sec,11.5,0.75,12.48,16.64,0.691
0,Chill Out Organic Riesling 2022,11.5,0.75,12.48,16.64,0.691
0,Freixenet Cordon Negro Organic Cava Brut,11.5,0.75,12.48,16.64,0.691
0,JP. Chenet Colombard-Sauvignon 2021,11.0,0.25,3.98,15.92,0.691
0,Stellar Organics Brut,11.5,0.75,12.48,16.64,0.691
0,Revenge of The Little Squid Riesling 2021,11.5,0.75,12.48,16.64,0.691
0,Kopparberg Lemon Vodka,37.5,0.7,37.97,54.243,0.691
0,Kopparberg Mixed Fruit Gin,37.5,0.7,37.97,54.243,0.691
0,Notos Moschofilero 2022,11.5,0.75,12.48,16.64,0.691
0,Kopparberg Premium Gin Passionfruit & Orange,37.5,0.7,37.97,54.243,0.691
0,Dignitat Cava Brut,11.5,0.75,12.48,16.64,0.691
0,Lindeman's Organics Sauvignon Blanc 2021,11.5,0.75,12.48,16.64,0.691
0,El Miracle Cava Seco,11.5,0.75,12.48,16.64,0.691
0,Codorniu Ecológica Cava Semi Seco,11.5,0.75,12.48,16.64,0.691
0,Federico Paternina Banda Azul Vintage Cava Brut 2018,11.5,0.75,12.48,16.64,0.691
0,Señorío de Sarría Viñedo Nº5 Garnacha Viñas Viejas 2020,14.0,0.75,15.20,20.267,0.691
0,Ortega Ezquerro Vino De Tudelilla Crianza 2020,14.0,0.75,15.19,20.253,0.691
0,The Bush Rum Mango,37.5,0.7,37.99,54.271,0.691
0,Oscar Haussmann OH1 Riesling Reserve 2021,11.5,0.75,12.48,16.64,0.691
0,Dignitat Cava Semi Sec,11.5,0.75,12.48,16.64,0.691
0,Kopparberg Strawberry & Lime Vodka,37.5,0.7,37.97,54.243,0.691
0,MOM Gin,39.5,0.7,39.99,57.129,0.691
0,Mythe Absinthe,69.0,0.5,49.90,99.8,0.691
0,Kopparberg Premium Gin Strawberry & Lime,37.5,0.7,37.97,54.243,0.691
0,Ressò Cava Brut Nature,11.5,0.75,12.48,16.64,0.691
0,Mallaskoski Kristall Weizen tölkki,5.5,0.5,3.98,7.96,0.691
0,Tom of Finland Organic Vodka,40.0,0.5,28.99,57.98,0.69
0,Meukow VS muovipullo,40.0,0.5,28.98,57.96,0.69
0,Beronia Viura 2020,12.5,0.75,13.59,18.12,0.69
0,Plan B Sauvignon Blanc 2022,13.5,0.75,14.68,19.573,0.69
0,Coulée d'Or,11.0,0.75,11.95,15.933,0.69
0,Lyme Bay Traditional Mead,14.5,0.75,15.77,21.027,0.69
0,Hacker-Pschorr Münchner Gold tölkki,5.5,0.5,3.99,7.98,0.689
0,Divici Organic Prosecco Rosé Extra Dry 2020,11.0,0.75,11.98,15.973,0.689
0,Galliano L'Autentico,42.3,0.5,30.68,61.36,0.689
0,Helmi Salmiakkikermalikööri muovipullo,15.0,0.5,10.89,21.78,0.689
0,Drumshanbo Gunpowder Irish Gin,43.0,0.5,31.20,62.4,0.689
0,Aveleda Fonte Vinho Verde Rosé 2022,11.0,0.75,11.98,15.973,0.689
0,Dubicz Muscat Ottonel 2022,12.0,0.375,6.54,17.44,0.688
0,Luzón Colección Monastrell 2021,14.5,0.75,15.81,21.08,0.688
0,Xanté Sparkling,10.0,0.75,10.90,14.533,0.688
0,Bols Ginger,24.0,0.5,17.45,34.9,0.688
0,Tutto è Possibile Less Is More Organic Frizzante muovipullo,11.0,0.75,11.99,15.987,0.688
0,Pasqua PassioneSentimento Rosso 2020,14.0,0.75,15.29,20.387,0.687
0,Martini Prosecco Extra Dry,11.5,0.75,12.56,16.747,0.687
0,Kalevala Distilled Gin Navy Strength,50.9,0.5,37.06,74.12,0.687
0,Hõbe Organic Vodka,39.2,0.7,39.99,57.129,0.686
0,Torres Sangre de Toro 2021,13.5,0.1875,3.69,19.68,0.686
0,Meoli Krè Aglianico 2021,13.0,0.75,14.22,18.96,0.686
0,L'Olivier de Montrabech Rouge 2022,14.0,0.75,15.31,20.413,0.686
0,Soprasasso Bardolino Chiaretto 2020,11.5,0.375,6.29,16.773,0.686
0,Podere Ruggeri Corsini Barbera d'Alba 2020,13.5,0.75,14.77,19.693,0.686
0,Rekorderlig Mansikka-Lime tölkki,4.5,0.5,3.28,6.56,0.686
0,Sarvet Tinto 2018,13.5,0.75,14.79,19.72,0.685
0,Rosemount GTR 2022,10.5,0.75,11.49,15.32,0.685
0,Pernod Absinthe,68.0,0.7,69.48,99.257,0.685
0,Fairview Bushvine Cinsault 2022,14.0,0.75,15.33,20.44,0.685
0,Smoking Loon Pinot Noir 2017,13.5,0.75,14.79,19.72,0.685
0,Dominio De Punctum Pablo Claro Special Selection 2022,13.5,0.75,14.79,19.72,0.685
0,VA! Maceración Carbónica Tempranillo 2021,13.5,0.75,14.79,19.72,0.685
0,Cortese Nostru Nerello Mascalese 2019,13.5,0.75,14.79,19.72,0.685
0,Antiche Terre Venete Soave 2022,12.5,0.75,13.70,18.267,0.684
0,Château Moulin de Bel Air 2016,13.5,0.75,14.81,19.747,0.684
0,T Smoke Barrel Aged Vodka,40.0,0.5,29.22,58.44,0.684
0,BrewDog Punk IPA tölkki,5.4,0.5,3.95,7.9,0.684
0,T Barrel Aged,40.0,0.5,29.22,58.44,0.684
0,Hell Or High Water Spiced,38.0,0.7,38.90,55.571,0.684
0,Chateau La Fleur Fompyere 2016,13.5,0.75,14.81,19.747,0.684
0,1811 Pastis,45.0,0.5,32.89,65.78,0.684
0,Silks Irish Dry Gin,42.0,0.7,42.98,61.4,0.684
0,Suomenlinnan Hoppe IPA tölkki,6.0,0.5,4.39,8.78,0.683
0,Pople Summer Sour Fruit Mix muovipullo,15.0,0.5,10.98,21.96,0.683
0,A. Le Coq Imperial Extra Double Stout,7.0,0.4,4.10,10.25,0.683
0,19 Crimes The Uprising 2021,14.0,0.75,15.38,20.507,0.683
0,Andechs Bergbock Hell,6.9,0.5,5.05,10.1,0.683
0,El Gobernador Pisco,40.0,0.7,40.99,58.557,0.683
0,Espelt Solivent  2019,15.0,0.75,16.49,21.987,0.682
0,Limoncello di Sorrento,30.0,0.5,21.98,43.96,0.682
0,Tabernero Vittoria Reserva Syrah 2016,14.5,0.75,15.94,21.253,0.682
0,Devils Bit Mountain Cider tölkki,6.0,0.5,4.40,8.8,0.682
0,Malmgård Xmas Porter,6.8,0.33,3.29,9.97,0.682
0,Marjakossu Mustikka,15.0,0.5,10.99,21.98,0.682
0,Bayou Pink,37.5,0.7,38.49,54.986,0.682
0,Ramos Pinto Ruby Port,19.5,0.75,21.48,28.64,0.681
0,Erdinger Weissbier,5.3,0.5,3.89,7.78,0.681
0,Pegasus Appassimento 2020,14.5,0.75,15.98,21.307,0.681
0,Muteman Gin,40.0,0.5,29.37,58.74,0.681
0,Las Moradas de San Martín Senda Garnacha 2018,14.5,0.75,15.98,21.307,0.681
0,Maxime Trijol VSOP muovipullo,40.0,0.5,29.38,58.76,0.681
0,Rémi Pouizin Estoubles Côtes du Rhône 2022,14.5,0.75,15.98,21.307,0.681
0,Besini Khikhvi 2019,13.0,0.75,14.32,19.093,0.681
0,Roncalla Chianti 2019,12.5,0.375,6.88,18.347,0.681
0,Acqua in Fiamme Valpolicella Ripasso Superiore di Lauri Tähkä 2017,14.5,0.75,15.98,21.307,0.681
0,Sebastian Erbeldinger Grauburgunder 2022,13.0,0.75,14.32,19.093,0.681
0,Falter Export Hell tölkki,5.3,0.5,3.89,7.78,0.681
0,D'Arenberg The Innocent Weed 2021,14.5,0.75,15.99,21.32,0.68
0,Villa Poggio Salvi Tosco 2020,13.5,0.75,14.89,19.853,0.68
0,1000 Stories Chardonnay 2021,14.5,0.75,15.99,21.32,0.68
0,Mayu Reserva Pinot Noir 2018,14.5,0.75,15.99,21.32,0.68
0,Piqueras Gold Label 2020,14.5,0.75,15.99,21.32,0.68
0,Henry Westons Aged Vintage,6.5,0.5,4.78,9.56,0.68
0,Three Finger Jack Gold Mine Hills Chardonnay 2020,14.5,0.75,16.00,21.333,0.68
0,1000 Stories Zinfandel 2021,14.5,0.75,15.99,21.32,0.68
0,Passi Reali Riesling 2021,12.5,0.75,13.78,18.373,0.68
0,Pere Magloire Fraternité Hors d'Age Calvados,40.0,0.5,29.43,58.86,0.68
0,The Dead Rabbit,44.0,0.7,45.39,64.843,0.679
0,Koff Porter,7.2,0.33,3.50,10.606,0.679
0,Leffe D´hiver Winter,6.6,0.75,7.29,9.72,0.679
0,Ventisquero Soul of the Andes Pinot Noir Reserva 2021,13.0,0.75,14.35,19.133,0.679
0,b.io Nero d'Avola Rosato Organic 2022,12.5,0.75,13.80,18.4,0.679
0,Schieferstück Riesling Halbtrocken 2022,11.5,0.75,12.70,16.933,0.679
0,Stift Klosterneuburg Zweigelt 2021,13.0,0.75,14.35,19.133,0.679
0,Marqués de Cáceres Crianza 2020,13.0,0.75,14.35,19.133,0.679
0,Weihenstephaner Festbier,5.8,0.5,4.28,8.56,0.678
0,19 Crimes Chardonnay 2022,13.0,0.75,14.39,19.187,0.678
0,Dr. Pauly-Bergweiler Riesling Extra Trocken,12.0,0.75,13.28,17.707,0.678
0,Tamnavulin German Pinot Noir Cask Finish Single Malt,40.0,0.7,41.30,59.0,0.678
0,San Miguel Premium tölkki,4.5,0.5,3.32,6.64,0.678
0,Ricossa Barbera Appassimento 2022,14.0,0.75,15.48,20.64,0.678
0,Zensa Organico Brut,12.0,0.75,13.28,17.707,0.678
0,Crudo Organic Sparkling Wine Extra Dry tölkki,13.5,0.2,3.98,19.9,0.678
0,Lahden Erikois IPA tölkki,4.7,0.5,3.47,6.94,0.677
0,De Andrés Sisters La Viña del Bululú Granitic Soils,14.0,0.75,15.50,20.667,0.677
0,Cecilia Beretta Chiaretto di Bardolino Classico 2020,12.0,0.75,13.30,17.733,0.677
0,Freixenet Cordon Negro Magnum Cava Brut,11.5,1.5,25.49,16.993,0.677
0,Black Tower Hedgerow Organic 2022,10.5,0.75,11.64,15.52,0.677
0,Avondale Jonty´s Ducks Family Red 2018,14.0,0.75,15.50,20.667,0.677
0,Wise Wolf Cabernet Sauvignon 2022,13.5,0.75,14.98,19.973,0.676
0,Apothic Dark 2019,13.5,0.75,14.98,19.973,0.676
0,Gnarly Head Viognier 2021,13.5,0.75,14.98,19.973,0.676
0,Poggio Le Volpi Roma Rosso 2021,13.5,0.75,14.98,19.973,0.676
0,Ogier Artesis Côtes du Rhône 2022,13.5,0.375,7.49,19.973,0.676
0,Casa Bollen Cabernet Sauvignon Reserva 2021,13.5,0.75,14.98,19.973,0.676
0,Signorelli Valpolicella Ripasso Superiore 2020,13.5,0.75,14.98,19.973,0.676
0,Antiche Terre Amore Assoluto Biologico 2020,13.5,0.75,14.98,19.973,0.676
0,Marqués de la Concordia Rioja Santiago Gran Reserva 2013,13.5,0.75,14.98,19.973,0.676
0,Ruppertsberger Grand Imperial Riesling 2022,13.5,0.75,14.98,19.973,0.676
0,San Simone Prestige Sauvignon 2015,12.5,0.75,13.86,18.48,0.676
0,Billebeino Negroamaro 2017,13.5,0.75,14.98,19.973,0.676
0,Luigi Righetti Campolieti Valpolicella Ripasso Classico Superiore 2021,13.5,0.75,14.98,19.973,0.676
0,Dry Sack Medium Dry Sherry,15.0,0.75,16.63,22.173,0.676
0,KWV Ginger Classique Liqueur,25.0,0.5,18.48,36.96,0.676
0,Bestheim Pinot Gris Premium Réserve 2021,13.5,0.75,14.98,19.973,0.676
0,Heidell Rose Petal Vodka,40.0,0.7,41.45,59.214,0.676
0,Lunaria La Belle Malvasia 2021,13.5,0.75,14.98,19.973,0.676
0,Montecillo Crianza 2019,13.5,0.75,14.98,19.973,0.676
0,Elg Gold Vodka,40.0,0.7,41.44,59.2,0.676
0,Casasmith Vino Rosso 2016,13.5,0.75,14.98,19.973,0.676
0,Generación 76 Organic Tempranillo 2020,13.5,0.75,14.98,19.973,0.676
0,Père Magloire VSOP Calvados muovipullo,40.0,0.5,29.60,59.2,0.676
0,Cocci Grifoni Merlo Sangiovese Organic Natural 2022,13.5,0.75,14.98,19.973,0.676
0,Meia Serra Reserva 2017,13.5,0.75,14.98,19.973,0.676
0,Mo Sisters Chardonnay 2018,13.5,0.75,14.98,19.973,0.676
0,Scandinavian Jussi 69 Chili Shot,21.0,0.7,21.73,31.043,0.676
0,Teerenpeli Woodka Barrel Aged Vodka,40.0,0.7,41.39,59.129,0.676
0,Olaf Northern Comfort Imperial Stout,11.0,0.33,5.37,16.273,0.676
0,Heidell Vodka,40.0,0.7,41.45,59.214,0.676
0,Matua Rosé 2021,13.5,0.75,14.98,19.973,0.676
0,Merul Mavrud 2015,14.0,0.75,15.54,20.72,0.676
0,Gatão Vinho Verde,9.0,0.75,9.98,13.307,0.676
0,Chouffe Houblon Dobbelen IPA Tripel,9.0,0.75,9.99,13.32,0.676
0,Quinta do Valdoeiro 2017,13.5,0.75,14.98,19.973,0.676
0,Apothic Red Blend 2021,13.5,0.75,14.98,19.973,0.676
0,Stoneleigh Wild Valley Wild Fermented Pinot Gris 2022,13.5,0.75,14.98,19.973,0.676
0,Hardy VSOP muovipullo,40.0,0.5,29.59,59.18,0.676
0,Kloster Pforta Weissburgunder 2020,12.5,0.75,13.89,18.52,0.675
0,Orsogna Lunaria Ramoro Pinot Grigio Rosé 2020,13.5,0.75,14.99,19.987,0.675
0,Reyka Vodka,40.0,0.7,41.50,59.286,0.675
0,Larsen VS,40.0,0.7,41.49,59.271,0.675
0,Wynns Coonawarra Estate Shiraz 2019,14.4,0.75,15.99,21.32,0.675
0,Jura Red Wine Cask Finish Single Malt,40.0,0.7,41.49,59.271,0.675
0,Mezan Chiriqui,40.0,0.7,41.49,59.271,0.675
0,Maker's Mark,45.0,0.7,46.68,66.686,0.675
0,Apulanta Tinto 2019,13.5,0.75,14.99,19.987,0.675
0,Bergh Grüner Veltliner Organic 2022,12.5,0.75,13.89,18.52,0.675
0,Retoño Organic Cava Brut,11.5,0.75,12.79,17.053,0.674
0,Robert de Nola Cava Brut,11.5,0.75,12.79,17.053,0.674
0,Koskenkorva Lemon Shot,21.0,0.5,15.58,31.16,0.674
0,Suomenlinnan Helsinki Porter tölkki,5.5,0.5,4.08,8.16,0.674
0,Jaume Serra Oodi Vapaudelle Cava Semi Seco,11.5,0.75,12.79,17.053,0.674
0,Koskenkorva Apple,21.0,0.5,15.58,31.16,0.674
0,She's Always Rose Pinot Noir Extra Dry,11.5,0.75,12.79,17.053,0.674
0,Logan Weemala Pinot Noir 2022,13.5,0.75,15.03,20.04,0.674
0,Costalarbol 2016,14.0,0.75,15.58,20.773,0.674
0,Galliano Vanilla,30.0,0.35,15.58,44.514,0.674
0,Koskenkorva Espresso,21.0,0.5,15.58,31.16,0.674
0,Ruffino Chianti Organic 2022,13.0,0.75,14.49,19.32,0.673
0,Petite Orange Pinot Gris 2022,13.0,0.75,14.49,19.32,0.673
0,Mezzacorona Gewürztraminer 2022,13.0,0.75,14.49,19.32,0.673
0,Renault Bleu Nuit VS,40.0,0.7,41.58,59.4,0.673
0,Viva Valentina Chianti Riserva Organic 2019,13.0,0.75,14.49,19.32,0.673
0,Periquita Reserva 2021,13.0,0.75,14.49,19.32,0.673
0,Soprasasso Pinot Grigio 2021,12.0,0.375,6.69,17.84,0.673
0,Spy Valley Satellite Sauvignon Blanc 2022,13.0,0.75,14.49,19.32,0.673
0,Maison Darragon Vouvray Les Tuffes Chenin Blanc 2022,13.0,0.75,14.49,19.32,0.673
0,Julius Riesling Organic 2022,11.5,0.75,12.81,17.08,0.673
0,Dr. Pauly-Bergweiler Riesling Trocken 2022,12.0,0.75,13.38,17.84,0.673
0,Enzo Bartoli Dolcetto 2021,13.0,0.75,14.49,19.32,0.673
0,Marqués de Cáceres Rioja Blanco 2022,12.5,0.375,6.96,18.56,0.673
0,Hamiltons Highland Single Malt,40.0,0.7,41.69,59.557,0.672
0,Château Chaubinet 2020,12.5,0.375,6.98,18.613,0.672
0,Osmoz Citrus Gin,46.0,0.7,47.90,68.429,0.672
0,One Margarita kartonkitölkki,26.0,0.1,3.87,38.7,0.672
0,Anima dell'Arancia,40.0,0.5,29.75,59.5,0.672
0,By the Dutch Batavia Arrack Indonesia Rum,48.0,0.7,49.99,71.414,0.672
0,Hayman's London Dry Gin,41.2,0.7,42.90,61.286,0.672
0,Penley Estate Atlas Shiraz 2017,14.5,0.75,16.20,21.6,0.671
0,United Gypsies Ryyskä Quadryepel tölkki,11.0,0.33,5.41,16.394,0.671
0,Ayinger Weizenbock,7.1,0.5,5.29,10.58,0.671
0,Suomenlinnan Gyllenborg IPA tölkki,6.0,0.5,4.47,8.94,0.671
0,Citadelle Rouge Gin,41.7,0.7,43.50,62.143,0.671
0,Merser Double Barrel Rum,43.1,0.7,44.99,64.271,0.671
0,La Martinìere St Nicolas de Bourgueil 2019,12.5,0.75,13.99,18.653,0.67
0,Jean Biecher Pinot Noir Réserve Organic 2022,12.5,0.75,13.99,18.653,0.67
0,La Falaise Blanche Sauvignon Blanc 2022,12.5,0.75,13.99,18.653,0.67
0,Zenato Pinot Grigio 2022,12.5,0.75,13.99,18.653,0.67
0,Steininger Grüner Veltliner Kamptal 2022,12.5,0.75,13.99,18.653,0.67
0,Mon Grand Grenache Noir Rosé 2021,12.5,0.75,13.99,18.653,0.67
0,Bestheim Pinot Blanc Premium Réserve 2019,12.5,0.75,13.99,18.653,0.67
0,Stift Klosterneuburg Rosé 2021,12.5,0.75,13.99,18.653,0.67
0,Muros Antigos Escolha 2022,12.5,0.75,13.99,18.653,0.67
0,Zenato Rosé San Benedetto 2022,12.5,0.75,13.99,18.653,0.67
0,Yoko Organic Pinot Noir Rosé 2022,12.5,0.75,13.99,18.653,0.67
0,Viva Valentina Sangiovese Organic 2022,13.0,0.375,7.28,19.413,0.67
0,Cono Sur Single Vineyard Block 5 Chardonnay 2021,12.5,0.75,13.99,18.653,0.67
0,Piccini Toscana Organic Vermentino 2020,12.5,0.75,13.99,18.653,0.67
0,Anselmann Riesling Classic 2021,12.5,0.75,13.99,18.653,0.67
0,St. Andrea Napbor Egri Csillag 2020,12.5,0.75,13.99,18.653,0.67
0,Viva Valentina Pinot Grigio Organic 2022,13.0,0.375,7.28,19.413,0.67
0,Exhib Rose 2020,12.5,0.75,13.99,18.653,0.67
0,Bolla Prosecco Extra Dry,11.0,0.75,12.33,16.44,0.669
0,Jinro Soju,20.1,0.35,10.52,30.057,0.669
0,Paulaner Weissbier,5.5,0.5,4.11,8.22,0.669
0,Milestii Mici Univers Rosé 2021,14.5,0.75,16.26,21.68,0.669
0,Olutpaja Yövuoro Imperial Stout,10.0,0.5,7.47,14.94,0.669
0,Radeberger Pilsner tölkki,4.8,0.5,3.59,7.18,0.669
0,Lignell & Piispanen Lakka-Light,21.0,0.5,15.70,31.4,0.669
0,La Causa País 2016,14.0,0.75,15.69,20.92,0.669
0,Loimu Glüh Gin Liqueur,20.0,0.5,14.98,29.96,0.668
0,St. Austell Big Job Double IPA,7.2,0.5,5.39,10.78,0.668
0,Dos Lusiadas Eleivera branco 2019,14.0,0.75,15.73,20.973,0.668
0,Citadelle Jardin d'Eté Summer Garden Gin,41.5,0.7,43.50,62.143,0.668
0,Two Oceans Moscato 2023,8.0,0.75,8.98,11.973,0.668
0,Bols Blue Curacao,21.0,0.5,15.73,31.46,0.668
0,Riunite Lambrusco Amabile,8.0,0.75,8.98,11.973,0.668
0,Chateau Dereszla Volcanic Furmint 2022,12.0,0.75,13.48,17.973,0.668
0,La Nantaise Muscadet Sèvre et Maine 2022,12.0,0.75,13.49,17.987,0.667
0,Codorníu Cuvee Barcelona Rosé Brut,12.0,0.75,13.49,17.987,0.667
0,Château du Breuil VSOP Calvados,40.0,0.7,41.95,59.929,0.667
0,The Duppy Share Aged,40.0,0.7,41.99,59.986,0.667
0,Gisselbrecht Riesling Organic 2021,12.0,0.75,13.49,17.987,0.667
0,Torres Digno Riesling Rosé 2021,12.0,0.75,13.49,17.987,0.667
0,Viva Valentina Organic Rosato 2022,12.0,0.75,13.49,17.987,0.667
0,Helsinki Dry Vodka,40.0,0.5,29.99,59.98,0.667
0,Ginato Pinot Grigio Gin,43.0,0.7,45.12,64.457,0.667
0,Camus VS Elegance muovipullo,40.0,0.5,29.98,59.96,0.667
0,Lindeman's Bin 25 Cuvée Brut,12.0,0.75,13.49,17.987,0.667
0,Gran Appasso Collezione Old Vines Primitivo 2021,16.0,0.75,17.98,23.973,0.667
0,Freixenet Ice Rosé Cuvée Especial Cava Semi Seco,12.0,0.75,13.49,17.987,0.667
0,Douce Nature Organic Sauvignon Blanc 2021,12.0,0.75,13.49,17.987,0.667
0,Capitano Bitter,18.0,0.5,13.49,26.98,0.667
0,Ketel One Vodka,40.0,0.7,41.99,59.986,0.667
0,F. Chauvenet Chardonnay Brut,12.0,0.75,13.49,17.987,0.667
0,Signal Hill,40.0,0.7,41.99,59.986,0.667
0,Black Tower Rivaner 2022,9.5,0.75,10.69,14.253,0.667
0,Pizzolato Organic Pinot Grigio 2021,12.0,0.75,13.49,17.987,0.667
0,Pasqua CB Chiaretto di Bardolino 2021,12.0,0.75,13.49,17.987,0.667
0,Quinta de Aves Tempranillo 2021,14.5,0.75,16.30,21.733,0.667
0,Gautier VS,40.0,0.7,41.95,59.929,0.667
0,1+1=3 Organic Rosé Cava Extra Dry,12.0,0.75,13.49,17.987,0.667
0,RPS Theory Of Hoppyness 2021 tölkki,6.3,0.44,4.16,9.455,0.666
0,Krombacher Weizen,5.3,0.5,3.98,7.96,0.666
0,Les Monicord 2019,14.5,0.75,16.34,21.787,0.666
0,Freixenet Blanc de Blancs Cava Extra Dry,11.5,0.75,12.96,17.28,0.666
0,Dolin Vermouth de Chambéry Dry,17.5,0.375,9.85,26.267,0.666
0,Sella & Mosca Cannonau di Sardegna 2021,13.5,0.75,15.20,20.267,0.666
0,El Coto Crianza 2019,13.0,0.75,14.66,19.547,0.665
0,La Muse Verte Absinthe,69.5,0.7,73.17,104.529,0.665
0,Original Long Drink Strong Gin & Orange tölkki,7.5,0.33,3.72,11.273,0.665
0,Ronco Blanchis Friulano 2015,14.0,0.75,15.79,21.053,0.665
0,Blue Fish Gewürztraminer 2022,11.0,0.75,12.40,16.533,0.665
0,Original Long Drink Strong Cranberry tölkki,7.5,0.33,3.72,11.273,0.665
0,Pálinkás Pince Szekszárdi Kadarka 2020,14.0,0.75,15.78,21.04,0.665
0,Original Long Drink Strong tölkki,7.5,0.33,3.72,11.273,0.665
0,Original Long Drink Strong Brandy & Pommac tölkki,7.5,0.33,3.72,11.273,0.665
0,Quinta de Chocapalha Tinto  2019,14.0,0.75,15.79,21.053,0.665
0,Lervig Original Sin Imperial Double Chocolate Stout tölkki,13.5,0.33,6.70,20.303,0.665
0,Azahar Vinho Verde 2022,11.5,0.75,12.98,17.307,0.664
0,Green Soul Organic Riesling 2022,11.5,0.75,12.98,17.307,0.664
0,Yötön yö 2022,11.5,0.75,12.98,17.307,0.664
0,Villa Wolf Pinot Noir Rosé 2022,11.5,0.75,12.98,17.307,0.664
0,Dom Potier Cava Brut,11.5,0.75,12.98,17.307,0.664
0,Think Organic Sparkling Extra Dry,11.5,0.75,12.99,17.32,0.664
0,Val d'Oca Millesimato Prosecco Extra Dry 2022,11.5,0.75,12.98,17.307,0.664
0,Barone Montalto Cucunci Pinot Grigio Brut,11.5,0.75,12.98,17.307,0.664
0,Vilarnau Organic Cava Seco,11.5,0.75,12.98,17.307,0.664
0,Fleur de Vignoble Organic Blanc de Blancs Brut,11.5,0.75,12.98,17.307,0.664
0,Moshi Moshi Organic Sparkling Extra Dry,11.5,0.75,12.99,17.32,0.664
0,Codorníu Limited Edition Cava Brut,11.5,0.75,12.98,17.307,0.664
0,Barao de Vilar 2021,14.0,0.75,15.81,21.08,0.664
0,Perelada Stars Cava Brut Reserva  2020,11.5,0.75,12.98,17.307,0.664
0,Aveleda Loureiro 2022,11.5,0.75,12.98,17.307,0.664
0,Freixenet Xperiencia Cava Seco,11.5,0.75,12.98,17.307,0.664
0,Codorníu Limited Edition Rosé Cava Brut,11.5,0.75,12.98,17.307,0.664
0,Corvers Kauter R3 Riesling Remastered 2022,11.5,0.75,12.98,17.307,0.664
0,Castellblanc Cava Seco,11.5,0.75,12.98,17.307,0.664
0,The Flower Pot Biowein Weiss 2022,11.5,0.75,12.98,17.307,0.664
0,Seunalan Anna - Omenalikööri,20.0,0.5,15.09,30.18,0.663
0,Peter Lehmann Portrait Shiraz 2021,14.5,0.75,16.40,21.867,0.663
0,Greenall's London Dry Gin & Tonic tölkki,8.0,0.33,3.98,12.061,0.663
0,Dupuy VSOP,40.0,0.7,42.21,60.3,0.663
0,Hand Crafted by Geoff Hardy Shiraz 2019,14.5,0.75,16.40,21.867,0.663
0,Sandford Orchards Reserve Vintage Cider 2019,7.4,0.5,5.58,11.16,0.663
0,The FoxTale Dry Gin,40.0,0.7,42.26,60.371,0.663
0,Pramia Kupla Hard Seltzer muovipullo,8.0,0.33,3.99,12.091,0.662
0,Mallaskoski Kronos Rum Barrel Aged Barley Wine,14.0,0.33,6.98,21.152,0.662
0,Zuccardi Serie A Torrontés 2021,13.5,0.75,15.29,20.387,0.662
0,Aldersbacher Ursprung Export Hell,5.6,0.5,4.23,8.46,0.662
0,Soffio Oro Blanc de Blancs Extra Dry,11.0,0.75,12.48,16.64,0.661
0,Pizzolato Organic Rosé Extra Dry,11.0,0.75,12.48,16.64,0.661
0,Wongraven Alleanza Piemonte Rosso 2019,13.0,0.75,14.75,19.667,0.661
0,Kalevala Vodka,40.0,0.5,30.28,60.56,0.661
0,Grace,11.0,0.75,12.48,16.64,0.661
0,Castelmondo Prosecco Rosé Brut 2020,11.0,0.75,12.48,16.64,0.661
0,Pizzolato Spumante d'Italia Dry 2022,11.0,0.75,12.48,16.64,0.661
0,Le Cardinal Cristal,11.0,0.75,12.48,16.64,0.661
0,Castelmondo Prosecco Extra Dry,11.0,0.75,12.48,16.64,0.661
0,Quinta Vale d’Aldeia ZIP Tinto 2019,14.0,0.75,15.90,21.2,0.66
0,Benediktiner Weissbier,5.4,0.5,4.09,8.18,0.66
0,Cepas Viejas Merseguera 2019,12.0,0.75,13.63,18.173,0.66
0,Rossofuoco Barbera d'Asti Biologico 2022,14.0,0.75,15.90,21.2,0.66
0,La Mision Reserva Especial Chardonnay 2022,13.5,0.75,15.34,20.453,0.66
0,Wieninger Ruperti Pils,5.0,0.5,3.79,7.58,0.66
0,Velenosi Montepulciano d'Abruzzo 2021,13.5,0.75,15.35,20.467,0.66
0,Côtes du Rhône De Natura Rerum Bio 2022,14.5,0.75,16.49,21.987,0.659
0,Cap de Canons Negre 2021,14.5,0.75,16.49,21.987,0.659
0,Lettre De Vendanges Grande Reserve 2020,13.0,0.75,14.79,19.72,0.659
0,Hans Baer Pinot Noir,12.0,0.25,4.55,18.2,0.659
0,Vicente Gandía Uva Pirata Petit Verdot 2016,13.0,0.75,14.79,19.72,0.659
0,Hipster Negroamaro 2021,13.0,0.75,14.79,19.72,0.659
0,Áster One 1 2021,14.5,0.75,16.49,21.987,0.659
0,Leijona Capri Lemonello,15.0,0.5,11.38,22.76,0.659
0,Castellani Guadalmare Maremma Toscana 2020,13.0,0.75,14.79,19.72,0.659
0,Antonutti Cabernet Franc 2021,13.0,0.75,14.79,19.72,0.659
0,Leijona Namu Persikka muovipullo,15.0,0.5,11.38,22.76,0.659
0,Demuerte One 2019,14.5,0.75,16.49,21.987,0.659
0,Lágrima de Vitalis Albarín 2020,13.5,0.75,15.37,20.493,0.659
0,Nardini Mandorla,50.0,0.7,53.10,75.857,0.659
0,Cono Sur Single Vineyard Block 21 Pinot Noir 2021,14.5,0.75,16.49,21.987,0.659
0,Koskenkorva Mandarin muovipullo,15.0,0.5,11.38,22.76,0.659
0,Cortese Nostru Catarratto Lucido 2020,13.0,0.75,14.79,19.72,0.659
0,Gorgo Bardolino Chiaretto Biologico 2022,12.5,0.75,14.24,18.987,0.658
0,Glen Moray Elgin Classic Single Malt,40.0,0.35,21.28,60.8,0.658
0,Joseph Cattin Riesling 2022,12.5,0.75,14.24,18.987,0.658
0,Passione Natura Elementi 2019,12.0,0.75,13.68,18.24,0.658
0,Leijona Miami Mojito Lime muovipullo,15.0,0.5,11.39,22.78,0.658
0,B.io Primitivo Vino Biologico 2021,13.5,0.75,15.38,20.507,0.658
0,Tsingtao Premium Lager,4.7,0.64,4.57,7.141,0.658
0,Mulata Carta Blanca 3 Años,40.0,0.7,42.57,60.814,0.658
0,Monopol VS muovipullo,40.0,0.35,21.28,60.8,0.658
0,Crafter's Wild Forest Gin,47.0,0.7,49.98,71.4,0.658
0,Blanc de Carsin 2023,12.5,0.75,14.24,18.987,0.658
0,Henry Westons Vintage Rosé,5.5,0.5,4.18,8.36,0.658
0,Château Couronneau Le Fougueux 2020,15.0,0.75,17.11,22.813,0.658
0,19 Crimes The Banished 2021,13.5,0.75,15.38,20.507,0.658
0,Maison Sichel 1883 2022,14.0,0.75,15.99,21.32,0.657
0,Masca Del Tacco Lu Rappaio Primitivo Di Manduria 2021,14.0,0.75,15.99,21.32,0.657
0,Punaisen Tuvan Kohina,12.5,0.75,14.26,19.013,0.657
0,Domaine Bousquet Virgen Organic Malbec 2022,14.0,0.75,15.99,21.32,0.657
0,J.P. Chenet Ice Edition Demi-Sec,10.5,0.75,11.98,15.973,0.657
0,Terrazas de los Andes Altos del Plata Chardonnay 2018,14.0,0.75,15.99,21.32,0.657
0,M. Chapoutier Belleruche Côtes-du-Rhône Rouge 2021,14.0,0.75,15.97,21.293,0.657
0,Lignell's Cafe Cognac Liqueur muovipullo,21.0,0.5,15.98,31.96,0.657
0,Nugan Estate Durif 2018,14.0,0.75,15.99,21.32,0.657
0,Chit Chat Red 2017,14.0,0.75,15.98,21.307,0.657
0,Rémi Pouizin Native Visan Côtes du Rhône Villages 2022,14.0,0.75,15.98,21.307,0.657
0,Verduzzo delle Venezie 2021,10.5,0.75,11.98,15.973,0.657
0,Vol d'Anima de Raimat Tinto 2019,14.0,0.75,15.99,21.32,0.657
0,Platino Pink Moscato Sweet,7.0,0.75,7.99,10.653,0.657
0,Aranleón Sólo Tinto,14.0,0.75,15.98,21.307,0.657
0,Lucky Lick Riesling 2022,10.5,0.75,11.98,15.973,0.657
0,Lapponia Polar Karpalo,21.0,0.5,15.99,31.98,0.657
0,Nietos,30.0,0.5,22.83,45.66,0.657
0,Château Daviaud 2020,14.0,0.75,15.98,21.307,0.657
0,Messias Unoaked 2019,14.0,0.75,15.98,21.307,0.657
0,Jean-Baptiste Adam Pinot Gris Réserve 2022,14.0,0.75,15.99,21.32,0.657
0,Bonterra Organic Merlot 2018,14.0,0.75,15.99,21.32,0.657
0,Los Intocables Rum Barrel Red Blend 2021,14.0,0.75,15.99,21.32,0.657
0,Malasenda Roble 2022,14.0,0.75,15.98,21.307,0.657
0,Lapponia Mustikka,21.0,0.5,15.99,31.98,0.657
0,Tre Rose Governo all'Uso Toscano 2019,14.0,0.75,15.99,21.32,0.657
0,Passo del Sud Appassimento 2022,14.0,0.75,15.98,21.307,0.657
0,Altamente Monastrell 2018,14.0,0.75,15.98,21.307,0.657
0,Falco Rosé 2020,11.5,0.75,13.12,17.493,0.657
0,Sovibor Fazer as Onze 2018,14.0,0.75,15.98,21.307,0.657
0,The Scream 2020,14.0,0.75,15.99,21.32,0.657
0,Avondale Jonty's Ducks Pekin Red 2017,14.0,0.75,15.99,21.32,0.657
0,Wychwood King Goblin,6.6,0.5,5.02,10.04,0.657
0,Leijona Mansikka-Raparperi Cocktail muu,7.0,1.5,15.98,10.653,0.657
0,Fontanafredda Barbera d'Alba 2021,14.0,0.75,15.99,21.32,0.657
0,Sumo Man Riesling 2022,10.5,0.75,11.98,15.973,0.657
0,Lapponia Lakka,21.0,0.5,15.99,31.98,0.657
0,Lederer Pils,5.1,0.5,3.89,7.78,0.656
0,Eymann Gönnheimer Weißburgunder Trocken 2016,12.5,0.75,14.30,19.067,0.656
0,Mrs. Wigley Rosé 2021,13.0,0.75,14.87,19.827,0.656
0,The Epicurean Blended Malt,46.2,0.7,49.27,70.386,0.656
0,Fiskars x Marble Friskier Slabman Barley Wine tölkki,11.9,0.33,5.99,18.152,0.656
0,Pusser's Original,40.0,0.7,42.67,60.957,0.656
0,Weihenstephaner Hefeweissbier Dunkel,5.3,0.5,4.04,8.08,0.656
0,Ogier Artesis Côtes du Rhône Organic 2022,14.5,0.75,16.59,22.12,0.656
0,Roe & Co,45.0,0.7,47.99,68.557,0.656
0,Kiwi Cuvée Bin 88 Sauvignon Blanc 2022,11.5,0.75,13.15,17.533,0.656
0,Belhaven Scottish Stout,7.0,0.5,5.34,10.68,0.655
0,Crafty Hedgehog Chardonnay 2021,13.0,0.75,14.89,19.853,0.655
0,Besini Saperavi Dry Red 2019,12.5,0.75,14.32,19.093,0.655
0,Lyrarakis Pirovolikes Vilana 2017,14.0,0.75,16.03,21.373,0.655
0,Auramadre Nero di Troia Organic 2018,13.0,0.75,14.89,19.853,0.655
0,Santa Julia Pinot Noir Flores Negras 2023,13.5,0.75,15.48,20.64,0.654
0,Casalforte Valpolicella Ripasso 2020,13.5,0.75,15.48,20.64,0.654
0,Jean Biecher Organic Pinot Noir Rosé 2020,13.0,0.75,14.90,19.867,0.654
0,Häjy Puro Vodka,40.0,0.5,30.60,61.2,0.654
0,Paul Mas Estate Cabernet Sauvignon 2021,13.5,0.75,15.48,20.64,0.654
0,Cune Crianza 2020,13.5,0.75,15.48,20.64,0.654
0,Cono Sur Single Vineyard Block 23 Riesling Organic 2022,13.5,0.75,15.48,20.64,0.654
0,Villalta Valpolicella Ripasso 2020,13.5,0.75,15.48,20.64,0.654
0,Dubonnet,14.8,0.75,16.98,22.64,0.654
0,Villa Marcialla Chianti Colli Fiorentini 2022,13.5,0.75,15.49,20.653,0.654
0,Zenato Valpolicella Superiore 2020,13.5,0.75,15.48,20.64,0.654
0,Avgvstvs Rosat Viticultura Ecológica 2020,13.5,0.75,15.48,20.64,0.654
0,Weihenstephaner Hefeweissbier,5.4,0.5,4.13,8.26,0.654
0,Kaksi Marjaa Mustikka-Vadelma muovipullo,15.0,0.5,11.49,22.98,0.653
0,Laplandia Espresso,37.5,0.2,11.49,57.45,0.653
0,Limoncello Di Capri,30.0,0.5,22.98,45.96,0.653
0,Roku Gin,43.0,0.7,46.10,65.857,0.653
0,St. Peter's Cream Stout,6.5,0.5,4.98,9.96,0.653
0,Malfy Gin Rosa,41.0,0.7,43.98,62.829,0.653
0,Malfy Gin Con Limone,41.0,0.7,43.98,62.829,0.653
0,Malfy Gin Con Arancia,41.0,0.7,43.98,62.829,0.653
0,Ferraton Père et Fils La Tournée Red 2021,13.5,0.75,15.50,20.667,0.653
0,Beringer Zinfandel Rosé 2022,10.0,0.75,11.49,15.32,0.653
0,Aecht Schlenkerla Rauchbier Urbock,6.5,0.5,4.98,9.96,0.653
0,Dow's Trademark Finest Reserve Port,20.0,0.75,22.98,30.64,0.653
0,Lahden Erikois New England Double IPA tölkki,7.8,0.33,3.94,11.939,0.653
0,Duckstein Weizen,5.3,0.5,4.06,8.12,0.653
0,Lindeman's Cawarra Sémillon Chardonnay 2021,12.5,0.187,3.58,19.144,0.653
0,Scandinavian Sitruuna LakuShot muovipullo,15.0,0.5,11.49,22.98,0.653
0,Hans Igler Blaufränkisch Classic 2017,13.0,0.75,14.94,19.92,0.653
0,Mallaskoski Hazy IPA tölkki,5.5,0.5,4.22,8.44,0.652
0,Cuvée Celeste Crémant de Loire Blanc de Blancs Brut,12.0,0.75,13.80,18.4,0.652
0,Cinzano Vermouth Bianco,15.0,0.75,17.25,23.0,0.652
0,Julius Silvaner Westhofener Rotenstein Organic 2021,12.0,0.75,13.80,18.4,0.652
0,Lignell & Piispanen Vadelma muovipullo,15.0,0.5,11.50,23.0,0.652
0,Cinzano Vermouth Rosso,15.0,0.75,17.25,23.0,0.652
0,Stift Klosterneuburg Grüner Veltliner 2022,12.0,0.75,13.80,18.4,0.652
0,Goccia 3Q paperipullo,13.5,0.75,15.52,20.693,0.652
0,Torres Celeste Verdejo 2021,13.0,0.75,14.98,19.973,0.651
0,Pfaff Pinot Gris 2022,13.0,0.75,14.98,19.973,0.651
0,Petit Comité del Sió Organic White 2022,13.0,0.75,14.98,19.973,0.651
0,Jameson Caskmates Stout Edition,40.0,0.7,42.99,61.414,0.651
0,Franck Massard Más Amor 2018,13.0,0.75,14.98,19.973,0.651
0,Antiche Terre Amore Oro Bianco 2020,13.0,0.75,14.98,19.973,0.651
0,Põhjala Pime ÖÖ,13.6,0.33,6.89,20.879,0.651
0,Frescobaldi Castiglioni Chianti 2022,13.0,0.75,14.98,19.973,0.651
0,Château de la Jaubertie 2022,13.0,0.75,14.98,19.973,0.651
0,Mango Fango Chardonnay Organic 2022 muovipullo,13.0,0.25,4.99,19.96,0.651
0,Le Grand Noir Sauvignon Blanc 2022 muovipullo,12.5,0.187,3.59,19.198,0.651
0,Smokey Joe Islay Blended Malt,46.0,0.7,49.44,70.629,0.651
0,Wolfberger (W)3 2021,13.0,0.75,14.98,19.973,0.651
0,Freixenet Mia Sangria Classic Royal,8.5,0.75,9.79,13.053,0.651
0,Marqués de Riscal Organic Verdejo 2021,13.0,0.75,14.98,19.973,0.651
0,Artesano de Argento Organic White Malbec 2021,13.0,0.75,14.98,19.973,0.651
0,Waimea Sauvignon Blanc 2021,13.0,0.75,14.98,19.973,0.651
0,Tbilvino Rkatsiteli 2022,13.0,0.75,14.98,19.973,0.651
0,Viu Manent Gran Reserva Cabernet Sauvignon 2017,13.0,0.75,14.98,19.973,0.651
0,Wolfberger Pinot Gris 2021,13.0,0.75,14.98,19.973,0.651
0,Cocci Grifoni Merlo Pecorino Organic Natural 2022,13.0,0.75,14.98,19.973,0.651
0,Solaris 2021,13.5,0.75,15.56,20.747,0.651
0,Leth Simply Wow! 2022,13.0,0.75,14.98,19.973,0.651
0,Galliano Espresso,30.0,0.5,23.04,46.08,0.651
0,Masca Del Tacco L'uetta Fiano 2022,13.0,0.75,14.98,19.973,0.651
0,Pizzeria Via Tribunali,13.0,0.75,14.98,19.973,0.651
0,Thatchers Single Variety Katy,7.4,0.5,5.68,11.36,0.651
0,J.J.Kurberg Rukis Rye Malt Vodka,40.0,0.7,43.03,61.471,0.651
0,Beefsteak Club Malbec 2022,13.0,0.75,14.99,19.987,0.65
0,Muga Blanco 2016,13.0,0.75,15.01,20.013,0.65
0,Henkell Piccolo Rosé Dry,12.0,0.2,3.69,18.45,0.65
0,Tanqueray No. Ten,47.3,0.7,50.99,72.843,0.649
0,Pilsner Urquell tölkki,4.4,0.5,3.39,6.78,0.649
0,Skumppa Koska Kaikki On P*skaa Dry,11.5,0.75,13.30,17.733,0.649
0,Piccini 1882 Extra Dry,11.0,0.75,12.71,16.947,0.649
0,Hofbräu Oktoberfestbier,6.3,0.5,4.85,9.7,0.649
0,Barefoot Merlot,13.5,0.187,3.89,20.802,0.649
0,Le Petit Gascoûn Rouge 2020,12.0,0.75,13.86,18.48,0.649
0,Kerisac Cidre Breton,5.5,1.0,8.49,8.49,0.648
0,Xanté,35.0,0.5,26.99,53.98,0.648
0,Casal Garcia Rose,9.5,0.75,10.99,14.653,0.648
0,Pimm's No.1,25.0,0.7,26.99,38.557,0.648
0,Penley Estate Phoenix Cabernet Sauvignon 2018,14.0,0.75,16.20,21.6,0.648
0,Gustave Lorentz L'ami des Crustacés Pinot Blanc 2022,12.5,0.75,14.50,19.333,0.647
0,D'Autrefois Chardonnay 2022,12.5,0.75,14.49,19.32,0.647
0,Dos Lusíadas Eleivera Tinto 2018,14.5,0.75,16.80,22.4,0.647
0,Cantina Tollo Trebbiano D'Abruzzo Biologico 2022,12.5,0.75,14.49,19.32,0.647
0,Kiebel Cuvee Blanc 2020,12.0,0.75,13.92,18.56,0.647
0,Duc de Foix Cava Brut Nature,12.0,0.75,13.90,18.533,0.647
0,Nett Tradition Riesling Trocken 2021,12.5,0.75,14.50,19.333,0.647
0,Campagnola Pinot Grigio delle Venezie Organic 2022,12.5,0.75,14.49,19.32,0.647
0,Laroche Réserve Chardonnay L 2022,12.5,0.75,14.49,19.32,0.647
0,D'Autrefois Pinot Noir 2021,12.5,0.75,14.49,19.32,0.647
0,Barton & Guestier Rosé 2022,12.5,0.75,14.49,19.32,0.647
0,Pagos del Rey Gran Bajoz Tinta de Toro 2018,14.5,0.75,16.80,22.4,0.647
0,Laroche Rosé La Chevalière,12.5,0.75,14.49,19.32,0.647
0,Pesce Bianco Organic 2021,12.5,0.75,14.49,19.32,0.647
0,Leijona Bali Strawberry Lime Mojito muovipullo,15.0,0.5,11.59,23.18,0.647
0,Lombardo Marsala Superiore Secco 2011,18.0,0.375,10.44,27.84,0.647
0,Friels Vintage Cider 2022,7.4,0.5,5.73,11.46,0.646
0,Sansilvestro Barbera Appassimento,14.0,0.75,16.25,21.667,0.646
0,Le Contesse Bonny Bio Brut,11.0,0.75,12.77,17.027,0.646
0,Crafter's Aromatic Flower Gin,44.3,0.7,47.98,68.543,0.646
0,Torres Viña Esmeralda 2021,11.5,0.375,6.69,17.84,0.645
0,Hayman's Old Tom Gin,41.4,0.7,44.90,64.143,0.645
0,De Alberto Ecológico Verdejo 2020,13.5,0.375,7.85,20.933,0.645
0,Arthur Metz Vin d'Alsace 2021,12.0,0.75,13.95,18.6,0.645
0,Cantine Caviro Novebolle Romagna Extra Dry,11.5,0.75,13.38,17.84,0.645
0,Hardys Brave New World Black Shiraz 2020,13.5,0.75,15.69,20.92,0.645
0,The Dublin Liberties Oak Devil 5 Year Old,46.0,0.7,49.98,71.4,0.644
0,Freixenet Italian Rosé 2020,11.5,0.75,13.40,17.867,0.644
0,Ruppertsberger Imperial Cuvée Organic 2020,12.5,0.375,7.28,19.413,0.644
0,Hamina Tattoo Cava Brut,11.5,0.75,13.40,17.867,0.644
0,Manz Platónico Tinto 2017,13.5,0.75,15.73,20.973,0.644
0,Castillo de Madax Blanco 2021,11.0,0.75,12.81,17.08,0.644
0,Zanatta Salana 2020,13.5,0.75,15.71,20.947,0.644
0,Piccini Solco Toscana Appassite 2020,13.5,0.75,15.73,20.973,0.644
0,Bulleit Rye,45.0,0.7,48.99,69.986,0.643
0,FiorAmore Prosecco Extra Dry,12.0,0.75,13.99,18.653,0.643
0,Tarani Gamay Rosé 2022,12.0,0.75,13.99,18.653,0.643
0,Reh Kendermann Riesling Vom Kalkstein 2022,12.0,0.75,13.99,18.653,0.643
0,Deep Roots Riesling 2022,12.0,0.75,13.99,18.653,0.643
0,Fragància de Marta 2022,12.0,0.75,13.99,18.653,0.643
0,Arthur Metz Riesling 2022,12.5,0.75,14.58,19.44,0.643
0,Wolfberger Riesling 2022,12.0,0.75,13.99,18.653,0.643
0,Corvers Kauter R3 Rheingau Riesling Revolution Organic offdry 2022,12.0,0.75,13.99,18.653,0.643
0,Corvers-Kauter R3 Rosé Remastered Organic 2022,12.0,0.75,13.99,18.653,0.643
0,Asio Otus Extra Dry,12.0,0.75,13.99,18.653,0.643
0,Vilarnau Organic Rose Cava Brut,12.0,0.75,13.99,18.653,0.643
0,Deep Roots Pink Riesling,12.0,0.75,13.99,18.653,0.643
0,Yuliia Joven Mezcal,40.0,0.5,31.11,62.22,0.643
0,Bagordi Tempranillo Organic 2020,14.0,0.375,8.16,21.76,0.643
0,Menicucci La Vitto Bianco 2018,13.0,0.75,15.17,20.227,0.643
0,Weinhof 519 Riesling 2022 muovipullo,12.0,0.75,13.99,18.653,0.643
0,Lynx Riesling 2021,12.0,0.75,13.99,18.653,0.643
0,Don Santiago Pisco Mosto Verde Torontel,42.0,0.5,32.66,65.32,0.643
0,Karmeliten Kloster Urtyp,4.9,0.5,3.81,7.62,0.643
0,Menicucci La Vitto Rosso 2018,13.0,0.75,15.17,20.227,0.643
0,Masi Modello Pinot Grigio 2022,12.0,0.75,13.99,18.653,0.643
0,Quercus Beli Pinot Pinot Bianco 2019,13.5,0.75,15.77,21.027,0.642
0,Pizza Lovers Bianco,11.0,0.5,8.57,17.14,0.642
0,Albert Jarraud VSOP,40.0,0.7,43.59,62.271,0.642
0,Sierra Nevada Torpedo,7.2,0.355,3.98,11.211,0.642
0,Speyburn Bradan Orach Single Malt,40.0,0.7,43.65,62.357,0.641
0,Jameson,40.0,0.2,12.49,62.45,0.641
0,Iniesta Finca El Carril Valeria 2019,13.0,0.75,15.22,20.293,0.641
0,Moses Date Vodka,40.0,0.7,43.65,62.357,0.641
0,Avondale Jonty's Ducks Pekin White 2020,13.5,0.75,15.79,21.053,0.641
0,Yes Yes Yes Barbera d'Asti 2017,13.5,0.75,15.81,21.08,0.64
0,Greizer Nuss Nougat,15.0,0.5,11.72,23.44,0.64
0,Menguante Vidadillo Seleccion 2017,14.5,0.75,16.99,22.653,0.64
0,Pares Balta Mas Elena 2019,14.5,0.75,16.99,22.653,0.64
0,To Øl #DIPA tölkki,8.7,0.44,5.98,13.591,0.64
0,Sol de Málaga,15.0,0.75,17.59,23.453,0.64
0,Malibu Strawberry,21.0,0.7,22.98,32.829,0.64
0,Lourensford The Dome Chardonnay 2022,14.5,0.75,16.99,22.653,0.64
0,Arrocal 2021,14.0,0.375,8.20,21.867,0.64
0,Masca del Tacco Susumaniello  2022,14.5,0.75,16.99,22.653,0.64
0,Belissimo Reserva 2020,14.5,0.75,16.99,22.653,0.64
0,V8+ Bon Perfetto Cuvee Extra Dry,11.0,0.75,12.89,17.187,0.64
0,1924 Double Black 2020,14.5,0.75,16.99,22.653,0.64
0,Yes Yes Yes Langhe Favorita 2017,13.5,0.75,15.81,21.08,0.64
0,Marqués de Nombrevilla Unico 2019,14.5,0.75,16.99,22.653,0.64
0,Quinta de Aves Sauvignon Blanc Moscatel G.M. 2020,13.5,0.75,15.81,21.08,0.64
0,Allesverloren Shiraz 2018,14.5,0.75,16.99,22.653,0.64
0,Paulaner Weissbier Dunkel,5.3,0.5,4.14,8.28,0.64
0,D'Arenberg The Love Grass Shiraz 2019,14.5,0.75,16.99,22.653,0.64
0,Ruppertsberger Imperial Riesling Sekt,11.5,0.75,13.49,17.987,0.639
0,Crazy Tropez Blanc 2021,13.0,0.75,15.27,20.36,0.639
0,Love Organic Dry,11.5,0.75,13.49,17.987,0.639
0,Freixenet Ice Cuvée Especial Cava Semi Seco,11.5,0.75,13.49,17.987,0.639
0,1+1=3 Cava Brut,11.5,0.75,13.49,17.987,0.639
0,Floralba Prosecco Rosé Brut 2021,11.5,0.75,13.49,17.987,0.639
0,Freixenet Pinot Grigio 2021,11.5,0.75,13.49,17.987,0.639
0,B.io Nero d'Avola Cabernet Vino Biologico 2020,13.0,0.75,15.25,20.333,0.639
0,Viva Valentina Organic Sparkling Dry,11.5,0.75,13.49,17.987,0.639
0,Berneroy VSOP Calvados,40.0,0.35,21.90,62.571,0.639
0,Castell d'Or Cabaret Cava Semi Sec,11.5,0.75,13.49,17.987,0.639
0,Julià & Navinès Organic Cava Semi Seco,11.5,0.75,13.49,17.987,0.639
0,Faustino Cava Extra Seco,11.5,0.75,13.49,17.987,0.639
0,Anna de Codorníu Organic Cava Brut,11.5,0.75,13.49,17.987,0.639
0,Tobia Graciano 2015,14.0,0.75,16.44,21.92,0.639
0,Viva Valentina Organic Riesling 2022 hanapakkaus,11.5,1.5,26.99,17.993,0.639
0,Erlenbacher Kayberg Riesling 2022,11.5,0.75,13.49,17.987,0.639
0,B.io Catarratto Chardonnay Vino Biologico 2021,13.0,0.75,15.25,20.333,0.639
0,Julià & Navinès Organic Cava Brut Nature,11.5,0.75,13.49,17.987,0.639
0,Celebrandum Reserva Cava Sec,11.5,0.75,13.49,17.987,0.639
0,Brumont La Gascogne Gros Manseng Sauvignon 2020,12.5,0.75,14.70,19.6,0.638
0,The Tyrconnell Single Malt,43.0,0.7,47.16,67.371,0.638
0,Pasqua PassioneSentimento Bianco 2021,13.0,0.75,15.29,20.387,0.638
0,Château Timberlay 2021,13.0,0.75,15.29,20.387,0.638
0,Fattoria Di Pancole Vernaccia di San Gimignano 2018,14.0,0.75,16.45,21.933,0.638
0,Ciao Secco tölkki,10.5,0.2,3.29,16.45,0.638
0,Nøgne Ø Imperial Stout,9.0,0.5,7.05,14.1,0.638
0,Hammer & Son Old English Gin,44.0,0.7,48.33,69.043,0.637
0,Château de Seguin 2019,13.5,0.75,15.90,21.2,0.637
0,Torres Altos Ibericos Crianza 2018,13.5,0.75,15.90,21.2,0.637
0,Planat VSOP Bio,40.0,0.7,43.98,62.829,0.637
0,Edetària Via Terra Negre 2020,14.0,0.75,16.49,21.987,0.637
0,Paxton Queen of the Hive Red Blend 2020,14.0,0.75,16.49,21.987,0.637
0,Verrocchio Valpolicella Ripasso Superiore 2020,13.5,0.75,15.90,21.2,0.637
0,Petit Bourgeois Sauvignon Blanc 2022,13.5,0.75,15.90,21.2,0.637
0,Hermanos Lurton Organic 2021,14.0,0.75,16.49,21.987,0.637
0,The Glenlivet Founder's Reserve Single Malt,40.0,0.7,43.98,62.829,0.637
0,Pfaffl Zweigelt vom HAUS 2023,13.5,0.75,15.90,21.2,0.637
0,La Poderosa Malbec 2022,13.0,0.75,15.31,20.413,0.637
0,Astoria La Robinia Prosecco Extra Dry,11.0,0.75,12.98,17.307,0.636
0,Villa Loren Prosecco Extra Dry,11.0,0.75,12.98,17.307,0.636
0,Wieninger Weissbier Bock,7.0,0.5,5.50,11.0,0.636
0,Derzhava,38.0,0.5,29.87,59.74,0.636
0,Deep Roots Rivaner Organic 2022,11.0,0.75,12.98,17.307,0.636
0,Medici Ermete i Quercioli Reggiano Lambrusco,11.0,0.75,12.98,17.307,0.636
0,Blue Nun 24K Rosé Edition Dry,11.0,0.75,12.98,17.307,0.636
0,Calvet d'Anjou Rosé 2018,11.0,0.75,12.98,17.307,0.636
0,Arctic Blue Navy Strength Gin,58.5,0.5,45.98,91.96,0.636
0,Fetzer Gewürztraminer 2021,11.0,0.75,12.98,17.307,0.636
0,Tosti Prosecco Extra Dry,11.0,0.75,12.98,17.307,0.636
0,Blue Nun Authentic White 2021,11.0,0.75,12.98,17.307,0.636
0,Sartori L'Appassione 2015,13.0,0.75,15.33,20.44,0.636
0,Loimer Cruz Rosé 2020,11.0,0.75,12.98,17.307,0.636
0,Valdo Garda Brut,11.0,0.75,12.98,17.307,0.636
0,Lignell & Piispanen Tyrnilikööri muovipullo,15.0,0.5,11.79,23.58,0.636
0,Libalis Semidulce 2022,11.0,0.75,12.98,17.307,0.636
0,Sourz Apple,15.0,0.7,16.50,23.571,0.636
0,Sourz Mango,15.0,0.7,16.50,23.571,0.636
0,Leva Organic Riesling Müller-Thurgau 2021,11.0,0.75,12.98,17.307,0.636
0,Ramos Pinto White Port,19.5,0.75,22.98,30.64,0.636
0,Exhib Muscat 2019,11.0,0.75,12.98,17.307,0.636
0,Pierre Sparr Pinot Gris Grande Réserve 2021,13.0,0.75,15.33,20.44,0.636
0,Averna Amaro Siciliano,29.0,0.7,31.97,45.671,0.635
0,Apothic Inferno 2019,16.0,0.75,18.90,25.2,0.635
0,Most Wanted Regions Riesling 2022,11.0,0.75,12.99,17.32,0.635
0,Tre Secoli Asti Secco,11.5,0.75,13.58,18.107,0.635
0,Vilarnau Organic Cava Brut Nature,11.5,0.75,13.59,18.12,0.635
0,Cono Sur Gran Reserva Organic Cabernet Sauvignon 2019,13.5,0.75,15.98,21.307,0.634
0,Azul y Garanza Tinto 2021,13.5,0.75,15.98,21.307,0.634
0,Telus Plavac Mali 2013,14.0,0.75,16.55,22.067,0.634
0,Zuccardi Los Olivos Semillon Torrontes 2019,13.5,0.75,15.98,21.307,0.634
0,Fantini Calalenta Merlot Rosato 2021,13.5,0.75,15.98,21.307,0.634
0,11 Pinos White Wine tölkki,13.0,0.25,5.13,20.52,0.634
0,Moulin de Gassac Guilhem 2020,13.5,0.75,15.98,21.307,0.634
0,Jägermeister Manifest,38.0,1.0,59.98,59.98,0.634
0,Campestral Claret 2020,12.5,0.75,14.79,19.72,0.634
0,M. Chapoutier Belleruche Côtes-du-Rhône Blanc 2022,13.5,0.75,15.97,21.293,0.634
0,Cune Organic 2020,13.5,0.75,15.98,21.307,0.634
0,Viva Valentina Il Classico Organic 2021,14.0,0.375,8.28,22.08,0.634
0,19 Crimes The Uprising White,13.0,0.75,15.38,20.507,0.634
0,Lindeman's Bin 65 Chardonnay,13.5,0.375,7.99,21.307,0.634
0,Azul y Garanza Arena 2018,13.5,0.75,15.98,21.307,0.634
0,Karmeliten Kloster Gold,5.1,0.5,4.02,8.04,0.634
0,Giesen Pinot Noir 2018,12.5,0.75,14.79,19.72,0.634
0,That´s Neiss Tinto Réserve 2019,13.5,0.75,15.98,21.307,0.634
0,Isele Bertram Grauer Burgunder Trocken 2020,14.0,0.75,16.55,22.067,0.634
0,Frankland Estate Riesling 2019,13.5,0.75,15.99,21.32,0.633
0,Ragtime Rye,45.2,0.7,49.98,71.4,0.633
0,Snabba Cash by Jens Lapidus Barbera d'Asti 2019,13.5,0.75,15.99,21.32,0.633
0,Dobosi Juhfark 2019,13.5,0.75,15.99,21.32,0.633
0,Château Puy De Guirande 2021,12.0,0.75,14.21,18.947,0.633
0,Bonterra Organic Chardonnay 2018,13.5,0.75,15.99,21.32,0.633
0,Wynns Coonawarra Estate Chardonnay 2021,13.5,0.75,15.99,21.32,0.633
0,Zenato Alanera Rosso Veronese 2020,13.5,0.75,15.99,21.32,0.633
0,Sebastian Erbeldinger Riesling 2022,12.5,0.75,14.81,19.747,0.633
0,Salmari,25.0,0.35,13.82,39.486,0.633
0,Un Peureux Absinthe,48.0,0.5,37.90,75.8,0.633
0,Bacalhôa Touriga Nacional 2018,13.5,0.75,15.99,21.32,0.633
0,Antologia Langhe Nebbiolo 2019,13.5,0.75,15.99,21.32,0.633
0,Terrazas de los Andes Altos del Plata Malbec 2017,13.5,0.75,15.99,21.32,0.633
0,Los Intocables Bourbon Barrel Malbec 2021,13.5,0.75,15.99,21.32,0.633
0,Ron Aldea Single Cane Vintage Rhum 2019,43.0,0.7,47.57,67.957,0.633
0,Bolla La Canestraia Rosé Classico 2022,12.5,0.75,14.81,19.747,0.633
0,Tbilvino Saperavi 2021,13.5,0.75,15.99,21.32,0.633
0,Veronese Beatrice Seta Pinot Grigio Della Venezie 2022,12.5,0.75,14.81,19.747,0.633
0,Ayinger Urweisse,5.8,0.5,4.59,9.18,0.632
0,135 East Hyögo Dry Gin,42.0,0.7,46.52,66.457,0.632
0,Cellar 99 Riesling 2020,12.0,0.75,14.25,19.0,0.632
0,Krombacher Pils,4.8,0.5,3.80,7.6,0.632
0,København Klassisk Gin,46.0,0.5,36.37,72.74,0.632
0,Ca´del Sette Stranero 2017,12.0,0.75,14.26,19.013,0.631
0,Lepaan Packalén,12.0,0.75,14.27,19.027,0.631
0,Opihr Oriental Spiced London Dry Gin,42.5,0.7,47.18,67.4,0.631
0,Mallaskoski Oidipus Bourbon Barrel Aged Imperial Rye Stout,13.4,0.33,7.01,21.242,0.631
0,Ca´del Sette Bacca Del Merlo 2021,12.0,0.75,14.26,19.013,0.631
0,50° Riesling Trocken 2021,12.0,0.75,14.28,19.04,0.63
0,Kings of Prohibition Chardonnay 2021,13.0,0.75,15.48,20.64,0.63
0,La Ribaude Fine Biologique Artisanal Calvados,40.0,0.7,44.47,63.529,0.63
0,Tsantali Mavroudi Maronia 2019,13.0,0.75,15.48,20.64,0.63
0,Orsogna Lunaria Civitas Pecorino 2022,13.0,0.75,15.48,20.64,0.63
0,Schneider Weisse Lovebeer,4.9,0.5,3.89,7.78,0.63
0,Bergh Riesling Organic 2022,12.5,0.75,14.89,19.853,0.63
0,Rye River Dam Buster Double IPA,8.0,0.33,4.19,12.697,0.63
0,Bunnahabhain Móine Single Malt,46.3,0.7,51.48,73.543,0.63
0,Bareksten Botanical Gin,46.0,0.5,36.48,72.96,0.63
0,Villa Conchi Cava Brut Selección,11.5,0.75,13.68,18.24,0.63
0,Mini-Ferien Organic Riesling by Huono Äiti 2022,12.0,0.75,14.29,19.053,0.63
0,Ca'Bolani Sauvignon Blanc 2022,13.0,0.75,15.48,20.64,0.63
0,Steininger Riesling 2022,12.5,0.75,14.89,19.853,0.63
0,Anais Xarel-lo Organic 2022,12.0,0.75,14.29,19.053,0.63
0,Calvet Murmure de Rose 2020,12.5,0.75,14.89,19.853,0.63
0,Georges Duboeuf Beaujolais-Villages 2020,13.0,0.75,15.48,20.64,0.63
0,Wieninger Grüner Karte Grüner Veltliner Organic 2019,12.5,0.75,14.89,19.853,0.63
0,Rongopai Sauvignon Blanc 2022,12.0,0.75,14.29,19.053,0.63
0,Jules Bernolin Beaujolais Supérieur 2020,13.0,0.75,15.48,20.64,0.63
0,Peter Lehmann Layers Red 2021,14.5,0.75,17.29,23.053,0.629
0,Generous Gin,44.0,0.7,48.98,69.971,0.629
0,Domaine de Verlaque 2020,14.0,0.75,16.70,22.267,0.629
0,Mustan Virran Tott Double IPA,8.5,0.33,4.46,13.515,0.629
0,Mallaskoski Harvest Lager tölkki,5.9,0.5,4.69,9.38,0.629
0,Shiraz by Bodega La Encina 2022,14.5,0.75,17.30,23.067,0.629
0,Drambuie,40.0,0.7,44.50,63.571,0.629
0,Pople Strawberry,15.0,0.7,16.70,23.857,0.629
0,Ferraton La Tournée Rosé 2020,13.0,0.75,15.50,20.667,0.629
0,Norske Brenneri Oslo Gin,45.8,0.5,36.38,72.76,0.629
0,Pietra Susumaniello 2022,14.0,0.75,16.70,22.267,0.629
0,Into the Woods GSM 2021,13.0,0.75,15.50,20.667,0.629
0,Val-Dieu Grand Cru,10.5,0.33,5.52,16.727,0.628
0,Mallaskoski India Pale Ale tölkki,5.2,0.5,4.14,8.28,0.628
0,Bergslagens Organic Gin,45.7,0.5,36.38,72.76,0.628
0,Henry Bardouin Grand Cru Pastis,45.0,0.7,50.17,71.671,0.628
0,Shaman's Terva,21.0,0.2,6.69,33.45,0.628
0,Santamania Reserva London Dry Gin,41.0,0.7,45.70,65.286,0.628
0,Kappa Pisco,40.0,0.7,44.56,63.657,0.628
0,Burti La Rose Célébration Dolce,9.5,0.75,11.37,15.16,0.627
0,Kalevala Distilled Dry Gin,49.9,0.5,39.82,79.64,0.627
0,Weihenstephaner Pils,5.1,0.5,4.07,8.14,0.627
0,Weihenstephaner Original Helles,5.1,0.5,4.07,8.14,0.627
0,Carlshamns Flaggpunsch Original,26.0,0.2,8.29,41.45,0.627
0,Shepherd Neame 1698 Kentish Strong Ale,6.5,0.5,5.18,10.36,0.627
0,Weltenburger Kloster Pils,4.9,0.5,3.91,7.82,0.627
0,E. Guigal Côtes du Rhône 2020,15.0,0.75,17.94,23.92,0.627
0,Franziskaner Hefe-Weissbier,5.0,0.5,3.99,7.98,0.627
0,Marshall London Dry Gin,43.0,0.7,47.97,68.529,0.627
0,Budvar Dark Lager,4.7,0.5,3.75,7.5,0.627
0,Freixenet Chianti 2018,12.5,0.75,14.98,19.973,0.626
0,Pfaff Riesling 2020,12.5,0.75,14.98,19.973,0.626
0,Tommasi Le Prunée Merlot 2016,12.5,0.75,14.98,19.973,0.626
0,Pitars Cabernet Franc Braida Santa Cecilia 2020,12.5,0.75,14.98,19.973,0.626
0,Herdade São Miguel Colheita Seleccionada Branco 2022,12.5,0.75,14.98,19.973,0.626
0,Björklund Grüner Veltliner 2022,12.5,0.75,14.98,19.973,0.626
0,Black Tie by Pfaff 2022,12.5,0.75,14.98,19.973,0.626
0,Pople Citrus Mango muovipullo,15.0,0.5,11.99,23.98,0.626
0,Ferraton La Tournee White 2018,12.5,0.75,14.98,19.973,0.626
0,Azul y Garanza Vitis 2021,12.5,0.75,14.98,19.973,0.626
0,Bürklin-Wolf Villa Bürklin Cuvée Rot 2017,12.5,0.75,14.98,19.973,0.626
0,Trapiche Costa y Pampa Pinot Grigio 2020,12.5,0.75,14.98,19.973,0.626
0,Georges Duboeuf Beaujolais Rosé 2019,12.5,0.75,14.98,19.973,0.626
0,Ferreira Late Bottled Vintage Port 2018,20.0,0.375,11.99,31.973,0.626
0,Agathon Mount Athos White 2020,12.5,0.75,14.98,19.973,0.626
0,Lingoncello,25.0,0.5,19.98,39.96,0.626
0,Manifesto Zinfandel Lodi  2018,14.0,0.75,16.78,22.373,0.626
0,Pitars Traminer Aromatico Braida Santa Cecilia 2022,12.5,0.75,14.98,19.973,0.626
0,Jaume Serra Bouquet Rosé Cava Brut,11.5,0.75,13.78,18.373,0.626
0,Heréncia Altés l'Estel 2020,15.0,0.75,17.98,23.973,0.626
0,Vicarage Lane Canterbury Riesling 2022,12.5,0.75,14.98,19.973,0.626
0,Righi Lambrusco di Modena Biologico,10.0,0.75,11.98,15.973,0.626
0,Three Finger Jack Cabernet Sauvignon 2020,15.0,0.75,17.98,23.973,0.626
0,Carallán Albariño 2020,12.5,0.75,14.98,19.973,0.626
0,Estrella Mojito,7.5,0.75,8.98,11.973,0.626
0,Casa Bollen Sauvignon Blanc Reserva 2021,12.5,0.75,14.98,19.973,0.626
0,Estrella de Murviedro Frizzante,7.5,0.75,8.98,11.973,0.626
0,LAT 42 Albariño 2020,12.5,0.75,14.98,19.973,0.626
0,Jaume Serra Bouquet Cava Brut,11.5,0.75,13.78,18.373,0.626
0,Cono Sur Sparkling Brut,12.5,0.75,14.98,19.973,0.626
0,San Gregorio La Garnacha Olvidada de Aragón 2020,15.0,0.75,17.98,23.973,0.626
0,Corvers Kauter R3 Riesling Reserve Organic 2022,12.5,0.75,14.98,19.973,0.626
0,Roberto Sarotto Gavi Virgilio 2022,12.5,0.75,14.98,19.973,0.626
0,Masca del Tacco Susumaniello Rosé 2022,12.5,0.75,14.98,19.973,0.626
0,Montrose Rosé 2021,12.5,0.75,14.98,19.973,0.626
0,Epicuro Primitivo di Manduria 2020,14.0,0.375,8.39,22.373,0.626
0,Harveys Bristol Cream Sherry,17.5,0.75,20.98,27.973,0.626
0,That's Neiss Pinot Noir Rosé Trocken 2021,12.5,0.75,14.98,19.973,0.626
0,Zonin Frizzantino Amabile,7.5,0.75,8.98,11.973,0.626
0,Aranleón Sólo Cava Orgánico Brut,12.5,0.75,14.98,19.973,0.626
0,Captain Morgan Tiki,25.0,0.7,27.99,39.986,0.625
0,Midnight Moon Apple Pie lasipurkki,35.0,0.35,19.61,56.029,0.625
0,Hacker Sangiovese 2019,13.5,0.75,16.19,21.587,0.625
0,Leo Martin Selección Mencía 2016,13.0,0.75,15.59,20.787,0.625
0,Duorum Organic 2022,14.0,0.75,16.80,22.4,0.625
0,Navarro Correas Reserve Cabernet Sauvignon 2020,14.0,0.75,16.80,22.4,0.625
0,The Pawn Wine Co El Desperado Rosé 2020,12.5,0.75,14.99,19.987,0.625
0,Peth-Wetz Bubbly 2022,12.5,0.75,15.00,20.0,0.625
0,19 Crimes Sauv Block 2020,12.0,0.75,14.39,19.187,0.625
0,Somersby Apple Cider tölkki,4.5,0.33,2.38,7.212,0.624
0,Karhu III tynnyri,4.6,30.0,221.07,7.369,0.624
0,Christian Drouin La Blanche,40.0,0.7,44.89,64.129,0.624
0,Henkell Trocken,11.5,0.2,3.69,18.45,0.623
0,Abavas Apple Cider Medium,7.5,0.33,3.97,12.03,0.623
0,Sangiovese di Toscana 2020,14.5,0.75,17.45,23.267,0.623
0,Bacardi Gran Reserva Diez,40.0,0.7,44.96,64.229,0.623
0,Poderi Cellario È Vino Bianco 2019,12.5,1.0,20.09,20.09,0.622
0,La Rioja Alta LAT 42 Reserva 2018,14.5,0.75,17.48,23.307,0.622
0,Norton Privada 2021,14.5,0.75,17.48,23.307,0.622
0,Poli Bagno Maria Grappa Biologica,40.0,0.7,44.99,64.271,0.622
0,Andechs Weissbier Hell,5.5,0.5,4.42,8.84,0.622
0,Le Petit Gascoûn Blanc 2020,11.5,0.75,13.86,18.48,0.622
0,Martell VS,40.0,0.7,44.99,64.271,0.622
0,St. Feuillien Triple,8.5,0.33,4.51,13.667,0.622
0,Apteekkarin Cognac VS,40.0,0.5,32.15,64.3,0.622
0,Andechs Spezial Hell,5.9,0.5,4.74,9.48,0.622
0,El Esteco Fair Trade Malbec 2021,14.5,0.75,17.48,23.307,0.622
0,Glentauchers 15 Year Old Single Malt,40.0,0.7,44.99,64.271,0.622
0,La Pierre Levée Malbec Rosé 2021,12.5,0.75,15.10,20.133,0.621
0,Sovibor Borba Tinto 2020,13.5,0.375,8.15,21.733,0.621
0,Villa Antinori Bianco 2022,12.0,0.75,14.49,19.32,0.621
0,La Trappe Quadrupel,10.0,0.75,12.08,16.107,0.621
0,Suomen Jääkiekkoleijonien Kuohuviini Organic Cava Brut,11.5,0.75,13.90,18.533,0.621
0,San Felice Perolla Vermentino 2019,13.0,0.75,15.69,20.92,0.621
0,Mossburn Speyside Blended Malt,46.0,0.7,51.86,74.086,0.621
0,Segura Viudas Lavit Cava Brut Nature,12.0,0.75,14.49,19.32,0.621
0,Jean-Marie Reverdy Sauvignon Blanc La Villaudière 2022,12.0,0.75,14.49,19.32,0.621
0,Cava Mar Salada Brut Nature,11.5,0.75,13.89,18.52,0.621
0,Villa Cardea Aperitivo,11.0,0.7,12.40,17.714,0.621
0,Louis Vallon Crémant de Bordeaux Rose Brut,12.0,0.75,14.49,19.32,0.621
0,Rabl Grüner Veltliner Löss 2021,11.5,0.75,13.89,18.52,0.621
0,Akut Riesling Feinherb 2021,11.5,0.75,13.90,18.533,0.621
0,Menicucci Appassimento Rosso 2017,16.0,0.75,19.32,25.76,0.621
0,Finlandia Sahti Strong muovipullo,10.0,0.75,12.08,16.107,0.621
0,Valpolicella Ripasso Ca´Vendri 2020,13.5,0.75,16.30,21.733,0.621
0,Soligo Col de Mez Rosato,11.5,0.75,13.90,18.533,0.621
0,Smiley Chardonnay,12.0,0.75,14.49,19.32,0.621
0,Enzo Bartoli Cortese 2019,12.0,0.75,14.49,19.32,0.621
0,Original Long Drink White Label Gin & Orange tölkki,5.5,0.5,4.43,8.86,0.621
0,Louis Vallon Crémant de Bordeaux Brut,12.0,0.75,14.49,19.32,0.621
0,Brennfleck Sulzfelder Sonnenberg Silvaner Alte Reben 2019,13.0,0.75,15.71,20.947,0.621
0,Casa di Malia Organic Prosecco Frizzante,11.0,0.75,13.28,17.707,0.621
0,Allegrini Belpasso 2019,13.5,0.75,16.30,21.733,0.621
0,Jack Daniel's Tennessee Honey,35.0,0.7,39.49,56.414,0.62
0,Weinkontor Westhofen Riesling & Rivaner 2022,9.5,0.75,11.49,15.32,0.62
0,Pirkka Roero Arneis 2021,13.5,0.75,16.34,21.787,0.62
0,Aventinus Eisbock,12.0,0.33,6.39,19.364,0.62
0,Jack Daniel's Tennessee Apple,35.0,0.7,39.49,56.414,0.62
0,Morena Vino Bianco,12.0,0.75,14.54,19.387,0.619
0,Pinot Grigio St. Magdalena 2022,13.5,0.75,16.35,21.8,0.619
0,Smoky Scot Islay Single Malt,46.0,0.7,51.98,74.257,0.619
0,The Legendary Silkie Irish Whiskey,46.0,0.7,51.98,74.257,0.619
0,Vinea Crianza Tempranillo 2016,14.0,0.75,16.99,22.653,0.618
0,Santa Tresa Cerasuolo di Vittoria 2020,14.0,0.75,16.99,22.653,0.618
0,Allesverloren Tinta Barocca 2016,14.0,0.75,16.99,22.653,0.618
0,Schneider Weisse Tap 4 Festweisse,6.2,0.5,5.02,10.04,0.618
0,Tarapacá Gran Reserva Cabernet Sauvignon 2021,14.0,0.75,16.99,22.653,0.618
0,Castello Sonnino Chianti Montespertoli 2021,14.0,0.75,16.99,22.653,0.618
0,Figula 7ha 2020,14.0,0.75,16.99,22.653,0.618
0,Masi Tupungato Passo Doble 2021,14.0,0.75,16.99,22.653,0.618
0,Dooley's Liquorice Cream,15.0,0.7,16.99,24.271,0.618
0,Courvoisier VS,40.0,0.7,45.32,64.743,0.618
0,Codorníu Clasico Rosé Cava Seco,12.0,0.375,7.28,19.413,0.618
0,Campo Viejo Reserva 2017,14.0,0.75,16.99,22.653,0.618
0,Dooley’s Blueberry Cream Liqueur,15.0,0.7,16.99,24.271,0.618
0,The FoxTale Pink Gin,37.5,0.7,42.48,60.686,0.618
0,Hacienda Lopez de Haro Organic Tempranillo 2016,14.0,0.75,16.99,22.653,0.618
0,Gaia de Chateau Puybarbe 2019,14.0,0.75,16.99,22.653,0.618
0,Hewitson Baby Bush Mourvèdre 2019,14.0,0.75,16.99,22.653,0.618
0,Viikate Tervaskanto,21.0,0.5,16.98,33.96,0.618
0,Authors' Soju,21.0,0.5,16.99,33.98,0.618
0,Paul Jaboulet Aîné Parallèle 45 Côtes-du-Rhône Rouge 2021,14.0,0.75,16.99,22.653,0.618
0,Leo,5.0,0.33,2.67,8.091,0.618
0,Moselland Goldschild Riesling Trocken 2020,12.0,0.75,14.56,19.413,0.618
0,Les Fumées Blanches Organic Sauvignon Blanc 2020,11.5,0.75,13.99,18.653,0.617
0,Divici Organic Prosecco Extra Dry,11.0,0.75,13.38,17.84,0.617
0,Val d'Oca Prosecco Rosé Extra Dry 2022,11.5,0.75,13.99,18.653,0.617
0,Château Morillon 2020,13.0,0.75,15.79,21.053,0.617
0,Vilarnau Organic Cava Brut Reserva,11.5,0.75,13.99,18.653,0.617
0,Dignitat Organic Cava Brut,11.5,0.75,13.99,18.653,0.617
0,Villa Degli Olmi Pinot Grigio 2022,11.5,0.75,13.99,18.653,0.617
0,Moshi Moshi Organic Sparkling Rosé Extra Dry,11.5,0.75,13.99,18.653,0.617
0,Luxardo Limoncello,27.0,0.5,21.89,43.78,0.617
0,Engelhard Römerberg Riesling Spätlese Trocken 2022,11.5,0.75,13.98,18.64,0.617
0,Julià & Navinès Organic Rosé Cava Extra Dry,11.5,0.75,13.99,18.653,0.617
0,Corvezzo Organic Prosecco Rosé Extra Dry 2022,11.5,0.75,13.99,18.653,0.617
0,Parés Baltà 'b' Organic Cava Brut,11.5,0.75,13.99,18.653,0.617
0,El Miracle Organic Cava Brut,11.5,0.75,13.99,18.653,0.617
0,Montelvini Cuvée HIFK Brut,11.5,0.75,13.99,18.653,0.617
0,Isula Cara 2022,11.5,0.75,13.99,18.653,0.617
0,Kirsberry Cherry Speciality,14.8,0.7,16.79,23.986,0.617
0,Leroy Poperings Hommelbier,7.5,0.33,4.01,12.152,0.617
0,Borrasca Cava Brut,11.5,0.75,13.99,18.653,0.617
0,Parés Baltà Blanc de Pacs Organic 2022,11.5,0.75,13.99,18.653,0.617
0,En v*ttu Tiiä Extra Dry,11.5,0.75,13.99,18.653,0.617
0,Olmeca Altos Plata Tequila,38.0,0.7,43.10,61.571,0.617
0,Jack Daniel's Old No. 7,40.0,0.2,12.98,64.9,0.616
0,Kings of Prohibition Shiraz,13.5,0.75,16.44,21.92,0.616
0,Monopol VSOP,40.0,0.7,45.49,64.986,0.616
0,Soerlie VSOP Reserve,40.0,0.7,45.49,64.986,0.616
0,Sefa Wine Chardonnay 2019,13.5,0.75,16.45,21.933,0.616
0,Fattoria di Pancole Chianti Colli Senesi 2016,13.5,0.75,16.45,21.933,0.616
0,Maisel's Weisse Original,5.2,0.5,4.22,8.44,0.616
0,Dupuy V.S.O.P,40.0,0.35,22.75,65.0,0.615
0,Kainuulainen Kuutamopontikka,41.0,0.35,23.34,66.686,0.615
0,Fuller's London Porter,5.4,0.5,4.39,8.78,0.615
0,Coteaux & Cimes Gamay 2021,12.5,0.75,15.24,20.32,0.615
0,Carm 2021,13.5,0.75,16.49,21.987,0.614
0,Il Palagione Hydra 2020,13.5,0.75,16.49,21.987,0.614
0,Mateus The Original Rosé,11.0,0.25,4.48,17.92,0.614
0,Casanova Treixadura,13.5,0.75,16.49,21.987,0.614
0,Naked Malt,40.0,0.7,45.59,65.129,0.614
0,Hewitson Miss Harry 2022,13.5,0.75,16.50,22.0,0.614
0,Lough Gill Spear Barrel Aged Imperial Oatmeal Stout tölkki,13.0,0.33,6.99,21.182,0.614
0,Dama Juana Pipeño País 2022,12.5,0.75,15.26,20.347,0.614
0,Viña Real Crianza 2019,13.5,0.75,16.49,21.987,0.614
0,Bushmills Black Bush,40.0,0.7,45.59,65.129,0.614
0,Dezzani Langhe Nebbiolo 2021,13.5,0.75,16.49,21.987,0.614
0,San Michele a Torri Chianti Colli Fiorentini 2022,13.5,0.75,16.49,21.987,0.614
0,Helsinki Sailor’s Gin,57.2,0.5,46.55,93.1,0.614
0,Laplandia Aureus Cloudberry Vodka,40.0,0.7,45.60,65.143,0.614
0,Saragat Monica di Sardegna 2021,13.5,0.75,16.49,21.987,0.614
0,Disaronno Originale,28.0,0.35,15.95,45.571,0.614
0,Åland Distillery Gin,43.3,0.5,35.32,70.64,0.613
0,Quinta Vale d’Aldeia ZIP Branco 2021,13.0,0.75,15.90,21.2,0.613
0,Gentil 'Hugel' 2022,13.0,0.75,15.90,21.2,0.613
0,Il Cascinone Rive Barbera d'Asti Superiore 2019,15.0,0.75,18.35,24.467,0.613
0,Mallaskoski Barley Wine,12.0,0.33,6.46,19.576,0.613
0,Proclamation,40.7,0.7,46.47,66.386,0.613
0,Petit Bourgeois Pinot Noir Rosé 2022,13.0,0.75,15.90,21.2,0.613
0,The FoxTale Citrus Gin,37.5,0.7,42.79,61.129,0.613
0,Mundo Tequila Blanco,35.0,0.7,39.98,57.114,0.613
0,Olaf Hydra Triple IPA,10.0,0.33,5.38,16.303,0.613
0,Pfaffl Rose Hasen 2022,13.0,0.75,15.90,21.2,0.613
0,Bassanoshiro Bianco 2022,13.0,0.75,15.90,21.2,0.613
0,Tons de Duorum Rosé 2020,12.0,0.75,14.68,19.573,0.613
0,Original Long Drink Red Grapefruit tölkki,5.5,0.5,4.49,8.98,0.612
0,Fiorissimo Prosecco Rosé Extra Dry 2021,11.0,0.75,13.49,17.987,0.612
0,Pizzolato Organic Prosecco Rose Brut 2022,11.0,0.75,13.49,17.987,0.612
0,L'Olivier de Montrabech Rosé 2022,12.5,0.75,15.31,20.413,0.612
0,Guy Allion A Sauvignon 2021,12.5,0.75,15.31,20.413,0.612
0,Domaine des Pasquiers Sablet 2020,14.5,0.75,17.78,23.707,0.612
0,Tosti Asti Secco,11.0,0.75,13.49,17.987,0.612
0,Samson Original Czech Lager Bock,6.1,0.5,4.98,9.96,0.612
0,Jean Leon 3055 Rosé 2021,12.5,0.75,15.31,20.413,0.612
0,Original Long Drink Gin & Lemon 5,5.5,0.5,4.49,8.98,0.612
0,Thatchers Gold tölkki,4.8,0.5,3.92,7.84,0.612
0,Original Long Drink Gin & Orange tölkki,5.5,0.5,4.49,8.98,0.612
0,Glöet White Sparkling Glögg,11.0,0.75,13.49,17.987,0.612
0,Original Long Drink Pineapple tölkki,5.5,0.5,4.49,8.98,0.612
0,Southern Ocean Sauvignon Blanc  2022,12.5,0.75,15.31,20.413,0.612
0,Zelanos Rosé Pinot Noir 2018,13.5,0.75,16.55,22.067,0.612
0,L'Olivier de Montrabech Blanc 2022,12.5,0.75,15.31,20.413,0.612
0,Pirkka Rosè 2020,12.5,0.75,15.31,20.413,0.612
0,Amador Medrano Terra 2019,14.5,0.75,17.81,23.747,0.611
0,Cream Heroes Lupita Pasión,17.0,0.7,19.49,27.843,0.611
0,Cune Rosado 2021,13.5,0.375,8.29,22.107,0.611
0,Heitlinger Pinot Noir 2020,13.0,0.75,15.97,21.293,0.611
0,Hubert Beck Grande Réserve Pinot Gris 2021,13.0,0.75,15.97,21.293,0.611
0,Berså Terra Alta 2022,14.5,0.75,17.79,23.72,0.611
0,To Øl House Of Pale tölkki,5.5,0.44,3.96,9.0,0.611
0,Tenuta Garetto Rosina Barbera d'Asti 2019,14.5,0.75,17.79,23.72,0.611
0,Dopff au Moulin Riesling Cuvée Europe 2022,13.0,0.75,15.97,21.293,0.611
0,Budweiser,5.0,0.33,2.70,8.182,0.611
0,Kura no Machi Tokubetsu Junmai Ginjo Sake,14.5,0.3,7.12,23.733,0.611
0,Cream Heroes Capitan Freson,17.0,0.7,19.49,27.843,0.611
0,Wolfberger (W)2 2021,13.0,0.75,15.99,21.32,0.61
0,Merry's Irish Cream,17.0,0.7,19.50,27.857,0.61
0,Santa Julia Malbec 2023,14.0,0.187,4.29,22.941,0.61
0,The Demons Share 6 Years Old,40.0,0.7,45.89,65.557,0.61
0,Quinta de Ventozelo Viosinho 2019,13.5,0.75,16.59,22.12,0.61
0,Frank Sant Thias Pinot Noir 2021,13.0,0.75,15.98,21.307,0.61
0,Museum Rosé 2022,13.0,0.75,15.98,21.307,0.61
0,Alessandro Rivetto Langhe Nebbiolo 2021,13.5,0.75,16.61,22.147,0.61
0,Dal Cero Pinot Grigio Ramato 2022,13.0,0.75,15.98,21.307,0.61
0,Porta 6 Vinho Verde 2020,9.5,0.75,11.68,15.573,0.61
0,Pezat Blanc 2021,13.0,0.75,15.98,21.307,0.61
0,Barone Ricasoli Organic Chianti 2022,13.0,0.75,15.99,21.32,0.61
0,Rocca di Montemassi Syrosa 2020,13.0,0.75,15.98,21.307,0.61
0,Leyda Garuma Sauvignon Blanc 2022,13.0,0.75,15.99,21.32,0.61
0,King's Bay Pinot Noir 2019,13.0,0.75,15.98,21.307,0.61
0,Glenmorangie X Single Malt,40.0,0.7,45.92,65.6,0.61
0,Herencia Altés Garnatxa Blanca 2021,13.0,0.75,15.99,21.32,0.61
0,Domaine Terre De Mistral Simone 2022,13.0,0.75,15.99,21.32,0.61
0,Ogier Côtes du Rhône Artesis Blanc 2022,13.5,0.75,16.59,22.12,0.61
0,Alahovin Riistamusta Viinimarjaviini,13.0,0.75,15.98,21.307,0.61
0,La Trappe Tripel,8.0,0.33,4.33,13.121,0.61
0,Torres Viña Sol 2022,12.0,0.1875,3.69,19.68,0.61
0,Vol d'Anima de Raimat Blanco Organic 2019,13.0,0.75,15.99,21.32,0.61
0,Hinch Small Batch,43.0,0.7,49.41,70.586,0.609
0,Andechs Export Dunkel,4.9,0.5,4.02,8.04,0.609
0,Ron Tabú Ronmiel,23.0,0.7,26.45,37.786,0.609
0,Original Long Drink tölkki,5.5,0.33,2.98,9.03,0.609
0,Johnnie Walker Black Label 12 Year Old,40.0,0.7,45.99,65.7,0.609
0,Original Long Drink Cranberry tölkki,5.5,0.33,2.98,9.03,0.609
0,Original Long Drink 12-pack tölkki,5.5,3.96,35.76,9.03,0.609
0,Knob Creek Small Batch Bourbon,50.0,0.7,57.43,82.043,0.609
0,Original Long Drink Vodka Lime 6-pack tölkki,5.5,1.98,17.88,9.03,0.609
0,Original Long Drink Vodka Lime tölkki,5.5,0.33,2.98,9.03,0.609
0,Original Long Drink 6-pack tölkki,5.5,1.98,17.88,9.03,0.609
0,Jameson Cold Brew,30.0,0.7,34.49,49.271,0.609
0,Luigi Bosca La Linda Extra Brut,12.0,0.75,14.79,19.72,0.609
0,Original Long Drink Light tölkki,5.5,0.33,2.98,9.03,0.609
0,Original Long Drink Cranberry 6-pack tölkki,5.5,1.98,17.88,9.03,0.609
0,Pasqua Villa Borghetti Valpolicella Classico 2021,12.0,0.75,14.79,19.72,0.609
0,Original Long Drink Light 6-pack tölkki,5.5,1.98,17.88,9.03,0.609
0,Original Long Drink Red Grapefruit 6-pack tölkki,5.5,1.98,17.88,9.03,0.609
0,Tommasi Valpolicella 2022,12.0,0.75,14.79,19.72,0.609
0,Jameson Black Barrel,40.0,0.7,45.99,65.7,0.609
0,Sorgin Gin,43.0,0.7,49.42,70.6,0.609
0,To Øl Whirl Domination India Pale Ale tölkki,6.2,0.44,4.48,10.182,0.609
0,Braastad VSOP,40.0,0.7,45.98,65.686,0.609
0,Maxime Trijol VSOP,40.0,0.5,32.92,65.84,0.608
0,Maku Brewing IPA tölkki,7.3,0.33,3.96,12.0,0.608
0,Dupont Fine Calvados,40.0,0.5,32.90,65.8,0.608
0,Aecht Schlenkerla Rauchbier Märzen,5.1,0.5,4.20,8.4,0.607
0,Malmgård Belge,8.0,0.33,4.35,13.182,0.607
0,Leth Zweigelt Rosé 2022,12.0,0.75,14.83,19.773,0.607
0,Piccini Collezione Oro Organic Chianti 2022,13.0,0.375,8.03,21.413,0.607
0,Bree White Riesling 2022,10.5,0.75,12.98,17.307,0.607
0,Prantner Szekszard Rose 2020,13.0,0.75,16.07,21.427,0.607
0,Amager World's Best Imperial Pastry Stout tölkki,11.0,0.44,7.99,18.159,0.606
0,Vento'z Vinho Verde Rosé 2022,12.5,0.75,15.48,20.64,0.606
0,Domaine Zinck Riesling Prestige Organic 2022,12.5,0.75,15.48,20.64,0.606
0,La Marinière Muscadet Sèvre et Maine sur Lie 2021,12.0,0.75,14.85,19.8,0.606
0,Kylie Minogue Rose 2021,12.5,0.75,15.48,20.64,0.606
0,La Chouffe Blonde,8.0,0.75,9.90,13.2,0.606
0,Barbazul Blanco 2018,12.0,0.75,14.85,19.8,0.606
0,Four Roses Small Batch,45.0,0.7,51.99,74.271,0.606
0,Koto Salt & Pepper Vodka,40.0,0.5,32.99,65.98,0.606
0,Annabel de Château Puybarbe Rosé 2021,12.5,0.75,15.50,20.667,0.605
0,Dit Celler Cabirol 2020,14.5,0.75,17.98,23.973,0.605
0,Mouton Cadet Rosé  2020,13.0,0.75,16.11,21.48,0.605
0,Masseria Altemura Sasseo Primitivo 2021,14.5,0.75,17.98,23.973,0.605
0,Collavini Villa Canlungo Pinot Grigio 2022,12.5,0.75,15.50,20.667,0.605
0,Små Rode Rasberry Liquorice,16.4,0.7,18.98,27.114,0.605
0,Jean Medeville & Fils Pur Sauvignon,12.5,0.75,15.50,20.667,0.605
0,Spier Seaward Chenin Blanc 2020,14.5,0.75,17.98,23.973,0.605
0,Koskenkorva Rhubarb Pomegranate muovipullo,15.0,0.5,12.39,24.78,0.605
0,Chivite Legardeta Garnacha 2019,14.5,0.75,17.98,23.973,0.605
0,Valdifalco Morellino di Scansano 2020,14.5,0.75,17.98,23.973,0.605
0,Små Sure Twisted Sour Fruit,16.4,0.7,18.98,27.114,0.605
0,Domaine Bousquet Reserve Organic Malbec 2021,14.5,0.75,17.98,23.973,0.605
0,Las Rocas Garnacha 2019,14.5,0.75,17.98,23.973,0.605
0,Pirkka Organic Riesling 2022,11.5,0.75,14.25,19.0,0.605
0,Valdifalco Maremma Toscana Sangiovese 2019,14.5,0.75,17.98,23.973,0.605
0,Villata Roero Arneis 2021,12.5,0.75,15.50,20.667,0.605
0,Casa Santos Lima Touriga Nacional 2017,14.5,0.75,17.98,23.973,0.605
0,Zelanos Pinot Noir 2017,14.0,0.75,17.37,23.16,0.604
0,Krämer Straîght Sauvignon Blanc 2022,12.0,0.75,14.90,19.867,0.604
0,Jack Daniel's Bonded,50.0,0.7,57.99,82.843,0.604
0,Faustino VII Tinto 2021,13.5,0.1875,4.19,22.347,0.604
0,Waldschütz Tradition Grüner Veltliner 2022,12.0,0.75,14.89,19.853,0.604
0,Rabl Zweigelt Rosé 2022,12.0,0.75,14.89,19.853,0.604
0,Murviedro Sericis Monastrell 2018,14.0,0.75,17.39,23.187,0.604
0,SJK OmaSp Stadion Reserva Vinho Verde 2022,11.5,0.75,14.29,19.053,0.604
0,Casa Silva Gran Terroir Carmenere 2021,14.0,0.75,17.39,23.187,0.604
0,Beefsteak Club The Mini Malbec 2022,13.5,0.187,4.18,22.353,0.604
0,Hans Baer Merlot Rosé,11.0,0.25,4.55,18.2,0.604
0,Kék Kékfrankos Válogatás 2017,13.5,0.75,16.80,22.4,0.603
0,Mallaskoski Nemesis Cognac Barrel Aged Imperial Rye,12.8,0.33,7.00,21.212,0.603
0,De Kuyper Blue Curacao,20.0,0.5,16.59,33.18,0.603
0,Velkopopovický Kozel Dark tölkki,3.8,0.5,3.15,6.3,0.603
0,De Kuyper Apricot Brandy,20.0,0.5,16.59,33.18,0.603
0,De Kuyper Crème de Cacao Brown,20.0,0.5,16.59,33.18,0.603
0,Huyghe Delirium Tremens,8.5,0.75,10.58,14.107,0.603
0,Bubi Piemonte Barbera,13.5,0.75,16.80,22.4,0.603
0,Chivas Regal 12 Years Old,40.0,0.7,46.49,66.414,0.602
0,Olvi Hard Seltzer Pink Grapefruit tölkki,6.0,0.33,3.29,9.97,0.602
0,Bumbu,40.0,0.7,46.49,66.414,0.602
0,Penley Estate Echo Sparkling Pinot Noir,13.0,0.75,16.20,21.6,0.602
0,Fontanafredda Grappa di Barolo Riserva,43.0,0.7,49.99,71.414,0.602
0,Alexis Lichine Crémant de Bordeaux Brut Rosé,12.0,0.75,14.94,19.92,0.602
0,Tullibardine Sovereign Single Malt,43.0,0.7,49.99,71.414,0.602
0,Segura Viudas Organic Cava Brut,12.0,0.75,14.94,19.92,0.602
0,The Lady Pinot Grigio 2021,12.0,0.75,14.94,19.92,0.602
0,Cecilia Beretta Brognoligo Soave Classico 2021,13.5,0.75,16.82,22.427,0.602
0,Hienoa Cognac VS muovipullo,40.0,0.2,13.29,66.45,0.602
0,Gautier VSOP,40.0,0.7,46.49,66.414,0.602
0,Le Pive Rosé Bio tölkki,12.0,0.25,4.98,19.92,0.602
0,Asia Blend Cuvée White 2022,12.0,0.75,14.98,19.973,0.601
0,Kettu Pihlajanmarjalikööri muovipullo,15.0,0.5,12.48,24.96,0.601
0,Masi Bonacosta Valpolicella Classico 2021,12.0,0.75,14.98,19.973,0.601
0,Wolfberger Muscat 2021,12.0,0.75,14.98,19.973,0.601
0,Casasmith Vino Rosé 2018,12.0,0.75,14.98,19.973,0.601
0,Nau Mai Sauvignon Blanc 2022 muovipullo,12.0,0.75,14.98,19.973,0.601
0,Mayer Asia Cuvée 2022,12.0,0.75,14.98,19.973,0.601
0,Freixenet Vintage Reserva Cava Brut Nature 2020,12.0,0.75,14.98,19.973,0.601
0,Fresco di Masi Organic Rosso 2022,12.0,0.75,14.98,19.973,0.601
0,Tommasi Le Rosse Pinot Grigio 2022,12.0,0.75,14.98,19.973,0.601
0,Riunite Il Fojonco Lambrusco,8.0,0.75,9.98,13.307,0.601
0,That's Neiss Pink Riesling,12.0,0.75,14.98,19.973,0.601
0,Rose di Bacco Lambrusco Rosato Amabile,8.0,0.75,9.98,13.307,0.601
0,Puolustuslaitos Valkoviiniä 2021,12.0,0.75,14.98,19.973,0.601
0,Puklus Pincészet Tokaji Hárslevelü 2016,12.5,0.75,15.59,20.787,0.601
0,Austo Novebolle Brut,12.0,0.75,14.98,19.973,0.601
0,Big Belly Aethelstan Peated Imperial Porter,10.0,0.33,5.49,16.636,0.601
0,Yoko Riesling Organic 2021,12.0,0.75,14.98,19.973,0.601
0,Liefmans Goudenband,8.0,0.33,4.39,13.303,0.601
0,Livon Friulano 2022,13.5,0.75,16.85,22.467,0.601
0,Boutari Kretikos 2022,11.5,0.75,14.34,19.12,0.601
0,Fantinel Prosecco Extra Dry,11.5,0.75,14.35,19.133,0.601
0,Bernard-Massard Premium Dry,12.0,0.75,14.98,19.973,0.601
0,Fitz-Ritter Dürkheim Riesling Organic Dry 2021,12.0,0.75,14.98,19.973,0.601
0,19 Crimes Sparkling White Brut,12.0,0.75,14.98,19.973,0.601
0,Vicarage Lane Marlborough Pinot Noir Rosé 2022,12.0,0.75,14.98,19.973,0.601
0,Tommasi Chiaretto Granara Rose 2022,12.0,0.75,14.98,19.973,0.601
0,LYV Rosé,12.0,0.75,14.98,19.973,0.601
0,Gere Villányi Rosé 2020,12.0,0.75,14.98,19.973,0.601
0,Stadlmann St Laurent Rosé  2021,12.0,0.75,14.98,19.973,0.601
0,Jacob's Creek Lighter Shiraz 2021,9.5,0.75,11.85,15.8,0.601
0,Vóila Vineyard Assyrtiko 2022,13.5,0.75,16.84,22.453,0.601
0,Moselland Riesling Kabinett 2022,8.0,0.75,9.98,13.307,0.601
0,Château Bonnin Pichon 2020,14.0,0.75,17.48,23.307,0.601
0,Laitilan Imperiaali Stout,9.2,0.33,5.05,15.303,0.601
0,Malmio Mint Chocolate muovipullo,17.0,0.35,9.90,28.286,0.601
0,Garzón Tannat Reserva 2022,14.0,0.75,17.48,23.307,0.601
0,Dr. Becker Cuvée Regent Trocken 2016,12.5,0.75,15.60,20.8,0.601
0,Mc Chouffe Brune,8.0,0.33,4.39,13.303,0.601
0,Pople Peach Party muovipullo,15.0,0.5,12.50,25.0,0.6
0,Espolon Blanco Tequila,40.0,0.7,46.66,66.657,0.6
0,Benediktiner Hell,5.0,0.5,4.17,8.34,0.6
0,Pople Orange Mango muovipullo,15.0,0.5,12.50,25.0,0.6
0,Lyv Rosé Magnum 2022,12.0,1.5,29.99,19.993,0.6
0,Francesco Intorcia Heritage Zibibbo Vino Liquoroso,16.0,0.5,13.33,26.66,0.6
0,Pople Strawberry muovipullo,15.0,0.5,12.49,24.98,0.6
0,Bagrationi Classic Semi Dry,12.0,0.75,14.99,19.987,0.6
0,Graham's Late Bottled Vintage Port 2018,20.0,0.75,24.99,33.32,0.6
0,Prantner Szekszard Rajnai Rizling 2020,13.0,0.75,16.25,21.667,0.6
0,Pople Blueberry muovipullo,15.0,0.5,12.49,24.98,0.6
0,Pagos de Araiz Crianza 2019,15.0,0.75,18.75,25.0,0.6
0,Graham's Natura Reserve Port,20.0,0.75,24.99,33.32,0.6
0,Oliver Moragues La Faula 2020,13.5,0.75,16.89,22.52,0.599
0,Edetària Via Terra Blanc 2020,13.0,0.75,16.28,21.707,0.599
0,Peddlers Shanghai Craft Gin,45.7,0.7,53.43,76.329,0.599
0,Raimat Cava Brut Nature,11.5,0.75,14.39,19.187,0.599
0,Giesen Chardonnay 2021,13.0,0.75,16.28,21.707,0.599
0,Château Ksara Reserve du Couvent 2019,13.5,0.75,16.89,22.52,0.599
0,Nils Oscar Scotch Ale,8.2,0.33,4.52,13.697,0.599
0,Château Ksara Sunset Rosé 2021,13.5,0.75,16.89,22.52,0.599
0,Peddlers Shanghai Barrel Aged Gin,45.7,0.7,53.43,76.329,0.599
0,Happy Joe Oakwood Apple Cider tölkki,4.7,0.33,2.59,7.848,0.599
0,Krombacher Dark,4.7,0.5,3.92,7.84,0.599
0,Ayinger Jahrhundert Bier,5.5,0.5,4.59,9.18,0.599
0,Campillo Blanco Fermentado en Barrica 2022,13.5,0.75,16.89,22.52,0.599
0,Original Long Drink,5.5,0.33,3.03,9.182,0.599
0,Original Long drink 6-pack pullo,5.5,1.98,18.18,9.182,0.599
0,Original Long Drink Cranberry,5.5,0.33,3.03,9.182,0.599
0,Iuzzolini Ciro Bianco 2021,12.0,0.75,15.06,20.08,0.598
0,Millebolle Sunny Days Extra Dry,11.0,0.75,13.80,18.4,0.598
0,Pasqua Prosecco Frizzante,11.0,0.75,13.80,18.4,0.598
0,Glendalough Wild Botanical Gin,41.0,0.7,47.99,68.557,0.598
0,Millebolle Merry Christmas Extra Dry,11.0,0.75,13.80,18.4,0.598
0,Vignali Roccamena Pinot Nero 2022,13.0,0.75,16.30,21.733,0.598
0,San Felice Perolla Rosso 2018,12.5,0.75,15.69,20.92,0.598
0,Piki Tervalikööri,21.0,0.5,17.59,35.18,0.597
0,Teliani Valley Saperavi 2020,13.0,0.75,16.32,21.76,0.597
0,Hell Or High Water Rum Reserva,40.0,0.7,46.90,67.0,0.597
0,Chimay White,8.0,0.33,4.42,13.394,0.597
0,Opta Reserva 2019,13.0,0.75,16.34,21.787,0.597
0,Enzo Bartoli Langhe Nebbiolo 2021,13.5,0.75,16.99,22.653,0.596
0,Pagos del Rey Arnegui Reserva 2017,13.5,0.75,16.99,22.653,0.596
0,Aconcagua Alto Cabernet Sauvignon 2016,13.5,0.75,16.99,22.653,0.596
0,Def Leppard Animal London Dry Gin,40.0,0.7,46.98,67.114,0.596
0,Paul Jaboulet Aîné Parallèle 45 Côtes-du-Rhône Blanc 2021,13.5,0.75,16.99,22.653,0.596
0,Château Haut-Monplaisir 2021,13.5,0.75,16.99,22.653,0.596
0,Errázuriz Sauvignon Blanc Single Vineyard 2021,13.5,0.75,16.99,22.653,0.596
0,Villa Maria Private Bin Chardonnay 2021,13.5,0.75,16.99,22.653,0.596
0,Chakana Nuna Vineyard Cabernet Franc 2019,13.5,0.75,16.99,22.653,0.596
0,Faustino Art Collection Red Crianza 2020,13.5,0.75,16.99,22.653,0.596
0,Spy Valley Riesling 2019,13.5,0.75,16.99,22.653,0.596
0,Rivera Scariazzo Fiano 2021,13.5,0.75,16.99,22.653,0.596
0,Motörhead Premium Dark Rum,40.0,0.7,46.99,67.129,0.596
0,Armigero Valpolicella Ripasso Superiore 2019,13.5,0.75,16.99,22.653,0.596
0,Château Cap L’Ousteau 2018,13.5,0.75,16.99,22.653,0.596
0,Lan Crianza 2019,13.5,0.75,16.99,22.653,0.596
0,Chimay 150,10.0,0.33,5.54,16.788,0.596
0,Sette Vigne 7 2018,13.5,0.75,16.99,22.653,0.596
0,Garzón Albariño Reserva 2022,13.5,0.75,16.99,22.653,0.596
0,Helfrich Gewürztraminer 2022,13.5,0.75,16.99,22.653,0.596
0,Chimay Blue,9.0,0.33,4.98,15.091,0.596
0,Serra Lupini Roero Arneis 2022,13.5,0.75,16.99,22.653,0.596
0,Bellissima Rosé Organic Zero Sugar Extra Brut,11.5,0.75,14.49,19.32,0.595
0,Collavini Il Manzoni Brut,11.5,0.75,14.49,19.32,0.595
0,Valdo Paradise Rosé Brut,11.5,0.75,14.49,19.32,0.595
0,Mont Paral Vintage Rosé Cava Brut 2018,11.5,0.75,14.49,19.32,0.595
0,Cascavel Monts & Vertiges 2021,13.0,0.75,16.40,21.867,0.595
0,To Øl Summer Hero IPA tölkki,6.2,0.33,3.44,10.424,0.595
0,Protos Roble 2021,14.5,0.75,18.27,24.36,0.595
0,Viva Valentina Organic Riesling 2022,11.5,0.75,14.49,19.32,0.595
0,Mattsson Admiral Imperial Porter,7.0,0.33,3.88,11.758,0.595
0,Smiley Rosé,11.5,0.75,14.49,19.32,0.595
0,Mont Paral Vintage Cava Brut 2018,11.5,0.75,14.49,19.32,0.595
0,Bellissima Organic Zero Sugar Extra Brut,11.5,0.75,14.49,19.32,0.595
0,Aveleda Fonte Vinho Verde 2022,9.5,0.75,11.98,15.973,0.595
0,Rigal Original Gros Manseng Vin Orange 2021,11.5,0.75,14.49,19.32,0.595
0,Naud Ron Panamá 15 Años,41.3,0.7,48.62,69.457,0.595
0,Castell d'Or Cabaret Orgànic Cava Brut,11.5,0.75,14.49,19.32,0.595
0,Emil Bauer Miami Weissburgunder 2022,13.0,0.75,16.40,21.867,0.595
0,Mont Paral Organic Cava Sec 2019,11.5,0.75,14.49,19.32,0.595
0,Pitars Prosecco Brut Nature 2022,11.5,0.75,14.49,19.32,0.595
0,Perelada Stars Touch of Rose Cava Brut 2021,11.5,0.75,14.49,19.32,0.595
0,Karl May Pinot Noir 2021,12.5,0.75,15.78,21.04,0.594
0,Gérard Bertrand Solar 6 Bee Friendly Rosé Grenache 2020,12.5,0.75,15.78,21.04,0.594
0,Johanninger Ein Schluck Vom Himmel 2020,12.5,0.75,15.79,21.053,0.594
0,AleSmith Speedway Stout tölkki,12.0,0.473,9.56,20.211,0.594
0,Blue Moon Belgian White,5.4,0.33,3.00,9.091,0.594
0,Gérard Bertrand Solar 6 Bee Friendly Chardonnay 2020,12.5,0.75,15.78,21.04,0.594
0,Daura Damm,5.4,0.33,3.00,9.091,0.594
0,Corona Extra,4.5,0.355,2.69,7.577,0.594
0,Franziskaner Weissbier Dunkel,5.0,0.5,4.21,8.42,0.594
0,René Couly Chinon Rosé 2022,14.0,0.75,17.69,23.587,0.594
0,Trisquel Altitud Merlot 2016,14.5,0.75,18.31,24.413,0.594
0,Verrocchio Prosecco Brut,11.0,0.75,13.89,18.52,0.594
0,Besini Qvevri 2018,14.5,0.75,18.31,24.413,0.594
0,Bertina Blueberry,20.0,0.7,23.58,33.686,0.594
0,Val-Dieu Triple,9.0,0.33,5.00,15.152,0.594
0,Sefa Wine Vranac 2017,13.0,0.75,16.45,21.933,0.593
0,O'Hara's Leann Follain Extra Irish Stout tölkki,6.0,0.44,4.45,10.114,0.593
0,Ferratus Rosado 2021,14.5,0.75,18.33,24.44,0.593
0,Muteman Mutemaisteri,35.0,0.5,29.52,59.04,0.593
0,Umano Kisi 2020,12.5,0.75,15.81,21.08,0.593
0,Osborne Manzanilla Sherry,15.0,0.375,9.48,25.28,0.593
0,Sartori Regolo 2015,13.5,0.75,17.06,22.747,0.593
0,Zaccagnini Montepulciano d'Abruzzo 2021,12.5,0.75,15.80,21.067,0.593
0,919 Tempranillo 2018,13.5,0.75,17.08,22.773,0.593
0,Luzón Colección Blanco 2022,12.5,0.75,15.81,21.08,0.593
0,Vinícola de Nulles Parabòlic Tinto 2022,12.5,0.75,15.81,21.08,0.593
0,Chateau Cazette Cuvée Joseph 2020,14.5,0.75,18.33,24.44,0.593
0,Étoile de Lauduc Cabernet Franc 2019,13.5,0.75,17.07,22.76,0.593
0,Sefa Wine Pinot Noir 2016,13.0,0.75,16.45,21.933,0.593
0,Crowmoor Dry tölkki,4.7,0.5,3.97,7.94,0.592
0,Fuller's ESB Extra Special Bitter,5.9,0.5,4.98,9.96,0.592
0,Tervapontikka,21.0,0.35,12.42,35.486,0.592
0,BlueWhite Lightly Peated,43.2,0.5,36.51,73.02,0.592
0,Brogsitter Eichstetter Vulkanfelsen Grauburgunder 2020,13.0,0.75,16.47,21.96,0.592
0,Kalfu Kuda Pinot Noir 2021,13.5,0.75,17.10,22.8,0.592
0,Gérard Bertrand Côtes du Roussillon Villages Tautavel 2020,15.0,0.75,18.99,25.32,0.592
0,Chelsea Royal London Dry Gin,43.1,0.7,51.00,72.857,0.592
0,Codorniu Clasico Organic Cava Sec,11.5,0.375,7.28,19.413,0.592
0,Wolfberger Belle Saison Pinot Noir Rosé 2022,13.0,0.75,16.49,21.987,0.591
0,Matua Marlborough Organic Sauvignon Blanc 2022,13.0,0.75,16.49,21.987,0.591
0,Singha,5.0,0.33,2.79,8.455,0.591
0,Krušovice Imperial,5.0,0.5,4.23,8.46,0.591
0,Bols Blueberry,17.0,0.5,14.39,28.78,0.591
0,Destalo Vinho Verde White,10.5,0.75,13.32,17.76,0.591
0,Noki Salmiakkilikööri,21.0,0.5,17.77,35.54,0.591
0,Château d'Aqueria Lirac 2020,15.0,0.75,19.02,25.36,0.591
0,Stella Artois,5.0,0.33,2.79,8.455,0.591
0,Penfolds Koonunga Hill Chardonnay 2022,13.0,0.75,16.49,21.987,0.591
0,Angelo Negro Onorata Favorita 2022,13.0,0.75,16.49,21.987,0.591
0,Galliano L'Aperitivo,24.0,0.5,20.30,40.6,0.591
0,Pusser's Rum Coronation Reserve,54.5,0.7,64.54,92.2,0.591
0,Viñaredo Godello 2022,13.0,0.75,16.49,21.987,0.591
0,Black Tower Pink Bubbly 2022,8.5,0.75,10.78,14.373,0.591
0,St. Austell Proper Job,5.5,0.5,4.65,9.3,0.591
0,Bertagnolli Bio Grappa Barrique,40.0,0.7,47.39,67.7,0.591
0,Reverdito Barbera d'Alba 2018,14.0,0.75,17.77,23.693,0.591
0,Bols Strawberry,17.0,0.5,14.39,28.78,0.591
0,Bols Passion Fruit,17.0,0.5,14.39,28.78,0.591
0,Zonin Prosecco Brut,11.0,0.375,6.98,18.613,0.591
0,Val de Rance Cidre de Bretagne Brut,5.5,0.75,6.98,9.307,0.591
0,Destalo Vinho Verde Red,10.5,0.75,13.32,17.76,0.591
0,Bols Peach,17.0,0.5,14.39,28.78,0.591
0,Destalo Vinho Verde Rosé,10.5,0.75,13.32,17.76,0.591
0,Tuori Cask & Spirit muovipullo,32.0,0.35,18.95,54.143,0.591
0,Casalforte Prosecco Extra Dry,11.0,0.75,13.99,18.653,0.59
0,Château Saint-Sernin Malbec de Calcaire 2018,14.0,0.75,17.79,23.72,0.59
0,Punaisen Tuvan Mansikkalikööri,20.0,0.35,11.86,33.886,0.59
0,Kuronen Riesling 2022,11.0,0.75,13.99,18.653,0.59
0,Pizzolato Ice Prosecco Organic Demi Sec 2022,11.0,0.75,13.99,18.653,0.59
0,Miniloma Prosecco Rosé Extra Dry by Huono Äiti 2022,11.0,0.75,13.99,18.653,0.59
0,Gouden Carolus Cuvée van de Keizer Imperial Dark 2021,11.0,0.75,13.99,18.653,0.59
0,Meinklang Grüner Veltliner 2022,11.0,0.75,13.98,18.64,0.59
0,Pfaffl Grüner Veltliner Vom Haus 2022,12.5,0.75,15.90,21.2,0.59
0,Mionetto Prosecco Brut Organic,11.0,0.75,13.99,18.653,0.59
0,Baron de Ley Semi Dulce 2022,11.0,0.75,13.99,18.653,0.59
0,Casa Relvas Redondo 2020,14.0,0.75,17.79,23.72,0.59
0,Canti Millesimato Prosecco Extra Dry 2022,11.0,0.75,13.99,18.653,0.59
0,Laposa Szürkebarát 2022,12.5,0.75,15.88,21.173,0.59
0,Pizzolato Organic Pinot Grigio Extra Brut 2021,11.0,0.75,13.99,18.653,0.59
0,Mionetto Millesimato Prosecco Rosé Extra Dry 2021,11.0,0.75,13.99,18.653,0.59
0,Punaisen Tuvan Puolukkalikööri,20.0,0.35,11.86,33.886,0.59
0,Monkey Shoulder Blended Malt,40.0,0.7,47.49,67.843,0.59
0,Casa Vinironia Prosecco Vino Biologico Extra Dry,11.0,0.75,13.99,18.653,0.59
0,Bernard Bohemian Lager,4.9,0.5,4.15,8.3,0.59
0,Lunetta Prosecco Brut,11.0,0.75,13.99,18.653,0.59
0,Canti Millesimato Prosecco Rosé Extra Dry 2022,11.0,0.75,13.99,18.653,0.59
0,Maschio Prosecco Treviso Extra Dry,11.0,0.75,13.99,18.653,0.59
0,Shepherd Neame India Pale Ale,6.1,0.5,5.18,10.36,0.589
0,Savon Kyynel Pontikka,40.0,0.5,33.97,67.94,0.589
0,Dopff & Irion Cuvée René Dopff Muscat 2021,12.0,0.75,15.29,20.387,0.589
0,Alpha Estate Axia Syrah Xinomavro 2019,14.0,0.75,17.83,23.773,0.589
0,Bowmore Small Batch Single Malt,40.0,0.35,23.78,67.943,0.589
0,Roccamura Chianti 2022,12.0,0.75,15.29,20.387,0.589
0,Frey Grauer Burgunder 2023,13.0,0.375,8.28,22.08,0.589
0,Clarendelle Magnum 2014,13.0,1.5,33.10,22.067,0.589
0,Strongbow Rosé tölkki,4.0,0.44,2.99,6.795,0.589
0,Richard Juhlin Blanc de Blanc Brut,12.0,0.75,15.27,20.36,0.589
0,Highland Park Viking Scars 10 Year Old Single Malt,40.0,0.7,47.56,67.943,0.589
0,Aviation American Gin,42.0,0.7,49.95,71.357,0.589
0,Reviseur Rare VSOP,40.0,1.0,67.90,67.9,0.589
0,Botran Reserva Añejo 15,40.0,0.7,47.60,68.0,0.588
0,Baglio Baiata Alagna Kosho Sushi wine,12.0,0.75,15.31,20.413,0.588
0,Tahbilk Marsanne Viognier Roussanne 2022,12.5,0.75,15.95,21.267,0.588
0,Gassier Coteaux d'Aix-en-Provence Organic 2022,13.0,0.75,16.59,22.12,0.588
0,Lignell & Piispanen Mustaherukka,21.0,0.35,12.49,35.686,0.588
0,Hee Joy VSOP Dominican Rum,41.6,0.7,49.51,70.729,0.588
0,La Raia Gavi 2022,12.5,0.75,15.94,21.253,0.588
0,Hardy Fine VS,40.0,0.7,47.58,67.971,0.588
0,Pramia Banaanilikööri muovipullo,21.0,0.35,12.49,35.686,0.588
0,Buffalo Trace,40.0,0.7,47.59,67.986,0.588
0,Pramia Mustaherukka Rommi Likööri muovipullo,21.0,0.35,12.49,35.686,0.588
0,Pramia Yölintu Whisky-Kahvilikööri muovipullo,21.0,0.35,12.49,35.686,0.588
0,Pramia Hunaja-Rommilikööri muovipullo,21.0,0.35,12.49,35.686,0.588
0,Mufloni Hazy IPA tölkki,6.0,0.44,4.49,10.205,0.588
0,Thornbridge Jaipur India Pale Ale,5.9,0.5,5.02,10.04,0.588
0,La Poderosa Sauvignon Blanc 2021,12.0,0.75,15.31,20.413,0.588
0,Frank Sant Thias Riesling 2021,12.5,0.75,15.98,21.307,0.587
0,Hussonet Cabernet Sauvignon Gran Reserva 2019,14.0,0.75,17.89,23.853,0.587
0,Kimito Gin,46.0,0.5,39.20,78.4,0.587
0,X-Berg Organic Silvaner 2021,12.5,0.75,15.98,21.307,0.587
0,Marie Brizard Triple Sec,23.0,0.5,19.60,39.2,0.587
0,Stallhagen US Red Ale,5.5,0.33,3.09,9.364,0.587
0,Gonzalez Byass Alfonso Oloroso Seco Sherry,18.0,0.75,22.98,30.64,0.587
0,Raimat Vol d'Anima Rosé Organic,12.5,0.75,15.98,21.307,0.587
0,Chateau d'Haurets 2022,12.5,0.375,7.99,21.307,0.587
0,Stift Engelszell Gregorius Trappistenbier,10.5,0.33,5.90,17.879,0.587
0,Oh So Creamy Tiramisu Cream,17.0,0.5,14.47,28.94,0.587
0,Besini Kindzmarauli 2022,12.0,0.75,15.32,20.427,0.587
0,Szigeti Summer Love Brut,12.5,0.75,15.98,21.307,0.587
0,Gonzalez Byass Solera 1847 Cream Sherry,18.0,0.75,22.98,30.64,0.587
0,Tongue Twister 2019,12.5,0.75,15.98,21.307,0.587
0,Ébano 6 2020,14.0,0.75,17.89,23.853,0.587
0,Domaine Les Fumées Blanches Sauvignon Blanc 2022,12.5,0.75,15.99,21.32,0.586
0,Txomin Etxaniz Txakoli Rose 2022,12.5,0.75,15.99,21.32,0.586
0,Pratsch Grüner Veltliner 2022,12.5,0.75,15.99,21.32,0.586
0,Lepaan Anna,11.0,0.75,14.09,18.787,0.586
0,The Botanist,46.0,0.7,54.99,78.557,0.586
0,Hacienda Lopez de Haro Viura 2018,12.5,0.75,15.99,21.32,0.586
0,Savon Kyynel Pontikka muu,40.0,40.0,2730.71,68.268,0.586
0,Neiss Grauburgunder vom Kalkstein 2021,12.5,0.75,15.99,21.32,0.586
0,Citadelle Gin Réserve,45.2,0.7,53.98,77.114,0.586
0,Von Buhl Bone Dry Rosé 2022,12.5,0.75,15.99,21.32,0.586
0,Bestheim Crémant Rosé Brut,12.5,0.75,15.99,21.32,0.586
0,The Storyteller Cabernet Sauvignon Organic 2018,12.5,0.75,15.99,21.32,0.586
0,Cuvée Antoinette Crémant de Luxembourg Rosé Extra Dry,12.5,0.75,15.99,21.32,0.586
0,Kaiken Rosé Brut,12.5,0.75,15.99,21.32,0.586
0,Chavin Coteaux d'Aix en Provence Rosé Organic 2022,12.5,0.75,15.99,21.32,0.586
0,Wolfberger Pinot Noir 2022,12.5,0.75,15.99,21.32,0.586
0,Legendary Dark Silkie Smoky Irish Whiskey,46.0,0.7,54.99,78.557,0.586
0,Tuori Original Gin,45.5,0.5,38.83,77.66,0.586
0,Little Quino Sauvignon Blanc 2020,12.5,0.75,15.99,21.32,0.586
0,Vicarage Lane Bubbly Brut 2022,12.5,0.75,15.99,21.32,0.586
0,Las Niñas Amante Syrah Mourvèdre 2016,14.5,0.75,18.56,24.747,0.586
0,Castano Coleccion Cepas Viejas,14.5,0.75,18.57,24.76,0.586
0,Mud House Sauvignon Blanc Rosé 2022,12.5,0.75,15.99,21.32,0.586
0,Fink & Kotzian Ried Hintern Dorf Grüner Veltliner  2019,13.0,0.75,16.65,22.2,0.586
0,Domaine Labbé Savoie Abymes 2019,11.5,0.75,14.74,19.653,0.585
0,Rönnvikin Kamreeri,12.0,0.75,15.39,20.52,0.585
0,Hell Or High Water Reserva Honey & Orange,40.0,0.7,47.90,68.429,0.585
0,E. Guigal Côtes-du-Rhône Blanc 2022,14.0,0.75,17.94,23.92,0.585
0,Rebelle Raspberry,6.0,0.75,7.69,10.253,0.585
0,Penderyn Madeira Finish Single Malt,46.0,0.7,55.04,78.629,0.585
0,Bella Gracia Extra Seco,10.0,0.75,12.81,17.08,0.585
0,E. Guigal Côtes-du-Rhône Rosé 2021,14.0,0.75,17.94,23.92,0.585
0,Nett Glaube Liebe Hoffnung Riesling Trocken 2021,12.0,0.75,15.40,20.533,0.584
0,Spier Seaward Pinotage 2018,14.0,0.75,17.98,23.973,0.584
0,Chateau Ste Michelle Chardonnay 2018,14.0,0.75,17.98,23.973,0.584
0,Hauller Muscat 2022,12.0,0.75,15.40,20.533,0.584
0,Gustav Arctic Lingonberry,21.0,0.5,17.98,35.96,0.584
0,Gustav Cranberry Liqueur,21.0,0.5,17.98,35.96,0.584
0,Hee Joy VSOP Rum Jamaica,41.3,0.7,49.52,70.743,0.584
0,Mavro Xinomavro 2019,13.0,0.75,16.69,22.253,0.584
0,Hewitson Le Secateur 2021,14.0,0.75,17.99,23.987,0.584
0,Symington Altano Organic 2021,13.5,0.75,17.35,23.133,0.584
0,Donna Carmen Limoncello,20.0,0.35,11.99,34.257,0.584
0,Gustav Arctic Cassis,21.0,0.5,17.98,35.96,0.584
0,Cles Des Ducs VSOP Armagnac,40.0,0.7,47.98,68.543,0.584
0,Torres Clos Ancestral 2021,14.0,0.75,17.98,23.973,0.584
0,Hacienda Lopez de Haro Reserva 2017,14.0,0.75,17.98,23.973,0.584
0,Rabl Steinterassen Riesling 2022,12.0,0.75,15.40,20.533,0.584
0,Gustav Raspberry,21.0,0.5,17.98,35.96,0.584
0,Jägermeister,35.0,0.2,11.99,59.95,0.584
0,Altamente Volalto Monastrell 2018,14.0,0.75,17.99,23.987,0.584
0,Fat Lizard Splitty Westy West Coast DIPA tölkki,8.0,0.44,6.03,13.705,0.584
0,Torres Gran Coronas 2015,14.0,0.375,8.99,23.973,0.584
0,Gustav Blueberry & Raspberry,21.0,0.5,17.98,35.96,0.584
0,Vouvray V 2022,12.0,0.75,15.40,20.533,0.584
0,Pure Apple,16.4,0.7,19.68,28.114,0.583
0,Ruppertsberger Grand Imperial Riesling  2022,13.5,0.375,8.68,23.147,0.583
0,Pievalta Tre Ripe Verdicchio dei Castelli di Jesi 2021,13.0,0.75,16.73,22.307,0.583
0,Pure Lakrids,16.4,0.7,19.68,28.114,0.583
0,Amaro Nonino Quintessentia,35.0,0.7,41.99,59.986,0.583
0,St. Bernardus Tripel,8.0,0.33,4.53,13.727,0.583
0,Postrižinské Bogan Lager,5.5,0.5,4.72,9.44,0.583
0,Nuvoté 2020,11.5,0.75,14.79,19.72,0.583
0,Prantner Cserszegi Füszeres 2020,12.5,0.75,16.07,21.427,0.583
0,Jaume Serra Cava Brut Nature Reserva 2018,11.5,0.75,14.79,19.72,0.583
0,Château la Reyne Le Prestige 2014,13.0,0.75,16.73,22.307,0.583
0,St. Bernardus Prior 8,8.0,0.33,4.53,13.727,0.583
0,Ridgeway Hamster of Doom,5.8,0.5,4.98,9.96,0.582
0,Pilsner Urquell,4.4,0.5,3.78,7.56,0.582
0,Ron Aldea Single Estate Eco Rhum 2019,53.0,0.7,63.72,91.029,0.582
0,Ridgeway ESB,5.8,0.5,4.98,9.96,0.582
0,Torres Floralis Moscatel Oro,15.0,0.5,12.89,25.78,0.582
0,Ridgeway Bad King John,5.8,0.5,4.98,9.96,0.582
0,Connemara Peated Single Malt,40.0,0.7,48.12,68.743,0.582
0,Licor Crema de Fresa con Tequila,17.0,0.7,20.49,29.271,0.581
0,König Pilsener,4.9,0.5,4.22,8.44,0.581
0,Bestheim Crémant Extra Brut,12.0,0.75,15.48,20.64,0.581
0,Juhla Shotti Karpalo Vanilja,18.0,0.5,15.48,30.96,0.581
0,Ollinmäen Viinitila Juortanan Jussi,12.0,0.75,15.50,20.667,0.581
0,Sinä & Minä Marjaroseviini,12.0,0.75,15.50,20.667,0.581
0,Obsession Symphony 2020,12.0,0.75,15.48,20.64,0.581
0,Arthur Metz Pinot Noir Rosé 2022,12.0,0.75,15.48,20.64,0.581
0,Anna de Codorníu Brut Magnum,12.0,1.5,30.99,20.66,0.581
0,McGuigan Moscato Rose 2022,8.5,0.75,10.99,14.653,0.58
0,Wieninger Höglwörther Glutenfrei,5.8,0.5,5.00,10.0,0.58
0,Königsmosel Riesling 2022,8.5,0.75,10.99,14.653,0.58
0,Mallaskoski Black Imperial Rye,11.4,0.33,6.49,19.667,0.58
0,Camparo Langhe Rosso 2019,13.5,0.75,17.46,23.28,0.58
0,Wieninger Winter Festbier,5.8,0.5,5.00,10.0,0.58
0,Hienoa Cognac VSOP,40.0,1.5,103.50,69.0,0.58
0,Iso-Kallan Katkeruuden Malja Tripel,9.0,0.33,5.12,15.515,0.58
0,Glenkinchie 12 Year Old Single Malt,43.0,0.7,52.00,74.286,0.579
0,Blanc Mariner Xarel-lo Chardonnay 2022,11.5,0.75,14.89,19.853,0.579
0,Caldas Tinto 2017,14.0,0.75,18.12,24.16,0.579
0,El Esteco Blanc de Blancs 2021,13.5,0.75,17.49,23.32,0.579
0,Château Pech-Latt 2019,14.0,0.75,18.14,24.187,0.579
0,Perlage Sgàjo Prosecco Extra Dry,11.0,0.75,14.26,19.013,0.579
0,Ollinmäen Puolukkalikööriä,21.0,0.35,12.70,36.286,0.579
0,Henry Westons Organic Cider,6.0,0.5,5.18,10.36,0.579
0,Gérard Bertrand Cote des Roses 2022,13.5,0.75,17.50,23.333,0.579
0,Tbilvino Mukuzani 2021,13.5,0.75,17.48,23.307,0.579
0,Villa Conchi Cava Blush Rosé Brut,11.5,0.75,14.89,19.853,0.579
0,Soligo Millesimato Prosecco Rosé Brut 2020,11.5,0.75,14.89,19.853,0.579
0,Rye River Nocturne Export Stout,6.0,0.5,5.18,10.36,0.579
0,Familia Deicas Atlántico Sur Albariño 2023,13.5,0.75,17.48,23.307,0.579
0,Osborne Carlos I Solera Gran Reserva,40.0,0.7,48.33,69.043,0.579
0,Nivarius Tempranillo Blanco 2022,13.5,0.75,17.49,23.32,0.579
0,Taylor's Late Bottled Vintage Port 2016,20.0,0.375,12.98,34.613,0.578
0,Põhjala Gimme Danger,10.5,0.33,5.99,18.152,0.578
0,Brejeiro Vinho Rosé,10.0,0.75,12.98,17.307,0.578
0,Dow's Late Bottled Vintage 2018,20.0,0.375,12.98,34.613,0.578
0,Velkeer Svatovavrinecke 2015,13.0,0.75,16.87,22.493,0.578
0,Talisker Storm Single Malt,45.8,0.7,55.49,79.271,0.578
0,Laposa Friss Balatoni Olaszrizling 2022,11.5,0.75,14.93,19.907,0.578
0,Marston's Old Empire India Pale Ale,5.7,0.5,4.93,9.86,0.578
0,Brockmans Gin,40.0,0.7,48.47,69.243,0.578
0,Les Fumées Blanches Sauvignon Blanc  2022,12.0,0.375,7.78,20.747,0.578
0,Passonovo Primitivo 2022,14.0,0.75,18.17,24.227,0.578
0,Põhjala Öö,10.5,0.33,5.99,18.152,0.578
0,Rémy Pannier Rosé d'Anjou 2022,10.0,0.75,12.98,17.307,0.578
0,Laposa Illatos Balatoni Muskotály 2022,11.5,0.75,14.93,19.907,0.578
0,Villa Wolf Pinot Noir Rose 2020,11.5,0.375,7.48,19.947,0.577
0,Discarded Banana Peel,37.5,0.7,45.49,64.986,0.577
0,Happy Joe Dry Apple Cider tölkki,4.7,0.33,2.69,8.152,0.577
0,Galliano Amaretto,28.0,0.5,24.25,48.5,0.577
0,Louis Latour Ardèche Chardonnay 2021,13.0,0.75,16.89,22.52,0.577
0,Nardini l'Amaro,31.0,1.0,53.75,53.75,0.577
0,Anselmo Mendes Pardusco 2020,12.0,0.75,15.59,20.787,0.577
0,Il Barone Amarone della Valpolicella 2018,15.0,1.0,25.98,25.98,0.577
0,Barefoot Pinot Grigio,12.0,0.187,3.89,20.802,0.577
0,Gérard Bertrand Naturae Organic Cabernet Sauvignon 2021,13.0,0.75,16.89,22.52,0.577
0,Dr. Pauly-Bergweiler Premium Riesling 2022,11.0,0.75,14.29,19.053,0.577
0,Salama Neo-Elektro NEIPA tölkki,6.5,0.44,4.96,11.273,0.577
0,St. Bernardus Abt 12,10.0,0.75,12.99,17.32,0.577
0,Kyrö Cranberry Long Drink tölkki,5.5,0.33,3.15,9.545,0.576
0,Ruggeri Prosecco Rosé Brut 2022,11.5,0.75,14.98,19.973,0.576
0,Casal Garcia Vinho Verde,9.5,0.375,6.18,16.48,0.576
0,La Jara Organic Prosecco Brut,11.5,0.75,14.98,19.973,0.576
0,Costaross Gran Cuvee Extra Dry,11.0,0.75,14.32,19.093,0.576
0,Codorníu Ars Collecta Rosé Cava Organic Brut,11.5,0.75,14.98,19.973,0.576
0,Casal Garcia Rosé,9.5,0.375,6.18,16.48,0.576
0,Readers´Rum Preface,40.0,0.5,34.74,69.48,0.576
0,Pink Riesling Weinhof 519,11.5,0.75,14.98,19.973,0.576
0,Immel Bio Riesling Trocken 2021,11.5,0.75,14.98,19.973,0.576
0,Mallaskoski Double Dry Hopped Double IPA,7.5,0.33,4.30,13.03,0.576
0,Le Petit Balthazar Merlot 2021,11.5,0.75,14.98,19.973,0.576
0,Billebeino Riesling 2022,11.5,0.75,14.98,19.973,0.576
0,Secret Garden Rhubarb,6.9,0.75,8.98,11.973,0.576
0,Pitars Rosé Prosecco Brut 2021,11.5,0.75,14.98,19.973,0.576
0,Codorníu Ars Collecta Organic Cava Brut,11.5,0.75,14.98,19.973,0.576
0,Pazzione Cava by Pernilla Wahlgren Organic Extra Brut,11.5,0.75,14.98,19.973,0.576
0,Skinny Fizz Cava Brut Nature,11.5,0.75,14.98,19.973,0.576
0,Rabl Grüner Veltliner 2022,12.0,0.375,7.81,20.827,0.576
0,Cygnus Albireo Organic Cava Brut,11.5,0.75,14.98,19.973,0.576
0,Hermannin Vägi Väinö,40.0,0.35,24.36,69.6,0.575
0,Hermannin Kulda Lempo,40.0,0.35,24.34,69.543,0.575
0,Pisang Ambon,17.0,0.5,14.78,29.56,0.575
0,That Boutique-y Gin Company Rhubarb Triangle Gin,46.0,0.5,39.99,79.98,0.575
0,Nardini Tagliatella,35.0,0.7,42.61,60.871,0.575
0,La Trappe Dubbel,7.0,0.33,4.02,12.182,0.575
0,Teeling Single Grain,46.0,0.7,55.98,79.971,0.575
0,Hermannin Mesi Hiisi,40.0,0.35,24.36,69.6,0.575
0,Niepoort Dão Rotulo Tinto 2019,12.5,0.75,16.30,21.733,0.575
0,Bertina Elderflower,20.0,0.7,24.35,34.786,0.575
0,North Brewing Ultra Phase Double IPA tölkki,8.5,0.44,6.50,14.773,0.575
0,Bertina Cloudberry-Elderflower,20.0,0.7,24.35,34.786,0.575
0,Dal Cero Selverello Cortona 2017,14.5,0.75,18.90,25.2,0.575
0,Jaume Serra Cava Brut Nature Reserva Magnum,11.5,1.5,29.99,19.993,0.575
0,Tornion Belgi Dubbel Ale tölkki,6.5,0.44,4.98,11.318,0.574
0,Leyda Las Brisas Pinot Noir 2022,13.0,0.75,16.99,22.653,0.574
0,Freiherr von Göler Pinot Noir 2019,13.0,0.75,16.99,22.653,0.574
0,Planeta La Segreta Il Rosso 2020,13.0,0.75,16.99,22.653,0.574
0,Frey Katharinenhof Pinot Blanc 2021,13.0,0.75,16.99,22.653,0.574
0,The Wanderer Malbec,13.0,0.75,16.99,22.653,0.574
0,Tariquet VSOP Pot Gascon,40.0,2.5,174.13,69.652,0.574
0,Lunar Apogé Côtes du Rhône 2020,13.0,0.75,16.99,22.653,0.574
0,John Wine 2022,13.0,0.75,16.99,22.653,0.574
0,Don Roberto Reposado Tequila,38.0,0.7,46.35,66.214,0.574
0,Villa Wolf Pinot Noir 2021,13.0,0.375,8.49,22.64,0.574
0,Cafaggio Single Estate Chianti Classico 2021,13.0,0.75,16.99,22.653,0.574
0,Elijah Craig Small Batch,47.0,0.7,57.30,81.857,0.574
0,Aqui Oaked Special Selection Syrah 2021,14.5,0.75,18.97,25.293,0.573
0,Trisquel  Series Cabernet Sauvignon 2020,14.0,0.75,18.31,24.413,0.573
0,Keppo Imperial Stout,9.5,0.33,5.47,16.576,0.573
0,Nekeas Forever Yours Rosé 2020,13.0,0.75,17.03,22.707,0.573
0,Kronenbourg 1664 Blanc,5.0,0.33,2.88,8.727,0.573
0,La Trappe Isid'or,7.5,0.33,4.32,13.091,0.573
0,Hewitson Madame M 2021,14.5,0.75,18.99,25.32,0.573
0,Lignell & Piispanen Lakka,27.0,0.35,16.50,47.143,0.573
0,Helmi Kermalikööri muovipullo,16.0,0.35,9.78,27.943,0.573
0,Fitapreta Tinto 2019,14.5,0.75,18.99,25.32,0.573
0,Uiltje Dr. Raptor Imperial IPA tölkki,9.2,0.33,5.30,16.061,0.573
0,Dugges Electro West Coast DIPA tölkki,8.0,0.5,6.98,13.96,0.573
0,Perelada 5 Finques Reserva 2018,14.5,0.75,18.99,25.32,0.573
0,Wicklow Wolf Heff Bezos tölkki,6.5,0.44,4.99,11.341,0.573
0,The Wanted ZIN Gold Rush Zinfandel 2020,14.5,0.75,18.99,25.32,0.573
0,Three Finger Jack Old Vine Zinfandel 2020,14.5,0.75,18.99,25.32,0.573
0,Jacob's Creek Double Barrel Shiraz 2020,14.5,0.75,18.99,25.32,0.573
0,Asahi Super Dry,5.2,0.33,3.00,9.091,0.572
0,Glenburgie 15 Year Old Single Malt,40.0,0.7,48.98,69.971,0.572
0,Lágrimas de Cocodrilo,51.5,0.5,44.98,89.96,0.572
0,Ron Aldea Maestro Añada Rhum 2009,40.0,0.7,48.99,69.986,0.572
0,Claude Chatelier VSOP,40.0,0.5,34.98,69.96,0.572
0,Fuentespina Roble 7 Meses 2018,14.0,0.75,18.35,24.467,0.572
0,Cavicchioli Lambrusco di Sorbara Amabile,8.0,0.75,10.49,13.987,0.572
0,1800 Reserva Silver Tequila,38.0,0.7,46.50,66.429,0.572
0,Mallassepät Tiramisu Stout tölkki,10.4,0.33,6.01,18.212,0.571
0,Rönnvikin Kostian Kutsu,12.0,0.75,15.77,21.027,0.571
0,Graham's Six Grapes Reserve Ruby Port,20.0,0.75,26.25,35.0,0.571
0,Pure Nordic Distillery Gin,56.0,0.5,49.00,98.0,0.571
0,Sori Dark Humor Club Oak Aged Winter Special tölkki,10.3,0.33,5.95,18.03,0.571
0,Stoli Vodka,40.0,0.05,3.50,70.0,0.571
0,Osborne Fino Quinta Sherry,15.0,0.375,9.85,26.267,0.571
0,Cascina Boschetti Gomba Barbera d’Alba 2021,13.5,0.375,8.86,23.627,0.571
0,Escapada Vinho Tinto Leve 2021,9.5,0.75,12.48,16.64,0.571
0,Rutte Celery Dry Gin,43.0,0.7,52.76,75.371,0.571
0,Chartreuse,55.0,0.35,33.78,96.514,0.57
0,Gori Refosco Dal Peduncolo Rosso 2016,12.5,0.75,16.45,21.933,0.57
0,Sori Hybrid Treats Espresso & Mudcake Imperial Pastry Stout tölkki,12.0,0.33,6.95,21.061,0.57
0,Wakefield Riesling 2022,12.0,0.75,15.78,21.04,0.57
0,Domäne Wachau Grüner Veltliner Federspiel Terrassen 2022,12.0,0.75,15.80,21.067,0.57
0,Bivrost Vodka,40.0,0.5,35.06,70.12,0.57
0,Tenuta Pianpolvere Dolcetto d'Alba Superiore 2016,15.0,0.75,19.72,26.293,0.57
0,Villa Maria Blush Sauvignon 2021,13.0,0.75,17.12,22.827,0.57
0,Sori Hybrid Treats Apple Strudel & Salted Caramel Imperial Pastry Stout tölkki,12.0,0.33,6.95,21.061,0.57
0,Grasso Baldovino Rosato 2020,12.5,0.75,16.45,21.933,0.57
0,Rivarose Prestige Brut,12.0,0.75,15.78,21.04,0.57
0,Señorio de Rubios Albariño 2023,12.5,0.75,16.44,21.92,0.57
0,Knob Creek Small Batch Rye,50.0,0.7,61.43,87.757,0.57
0,Zaccagnini Cerasuolo d'Abruzzo Rosé 2022,12.0,0.75,15.79,21.053,0.57
0,Mufloni Islay Imperial Stout tölkki,11.0,0.44,8.49,19.295,0.57
0,Cantina Zaccagnini Il Bianco di Ciccio 2022,12.0,0.75,15.79,21.053,0.57
0,Jean-Baptiste Adam Les Natures Organic Pinot Gris 2022,13.5,0.75,17.79,23.72,0.569
0,Simonis Gewurztraminer 2020,12.5,0.75,16.48,21.973,0.569
0,Susana Balbo Signature Rosé 2018,13.5,0.75,17.79,23.72,0.569
0,Demuerte White 2019,12.5,0.75,16.49,21.987,0.569
0,Angelo Negro Cescu Dolcetto d'Alba 2021,12.5,0.75,16.49,21.987,0.569
0,Cuesta Medium Dry Sherry,17.5,0.375,11.53,30.747,0.569
0,Matua Marlborough Pinot Noir 2021,12.5,0.75,16.49,21.987,0.569
0,Gemma di Luna Moscato Dolce,7.5,0.75,9.88,13.173,0.569
0,Maschio Millesimato Prosecco Rosé Extra Dry 2022,11.0,0.75,14.49,19.32,0.569
0,Freixenet Prosecco Extra Dry,11.0,0.75,14.49,19.32,0.569
0,Herédias Touriga Franca 2021,12.5,0.75,16.49,21.987,0.569
0,Zonin Cuvèe 1821 Prosecco Brut,11.0,0.75,14.49,19.32,0.569
0,I Heart Prosecco Extra Dry,11.0,0.75,14.49,19.32,0.569
0,Mud House Sauvignon Blanc 2023,12.5,0.75,16.49,21.987,0.569
0,Antiche Terre Venete Valpolicella Ripasso 2019,13.5,0.75,17.79,23.72,0.569
0,Tosti Millesimato Prosecco Rose Brut 2019,11.0,0.75,14.49,19.32,0.569
0,Rabarbra Rhubarb Sparkling Organic Brut,11.0,0.75,14.49,19.32,0.569
0,Papet del Mas Cava Brut,11.5,0.375,7.58,20.213,0.569
0,Andechser Hell,4.8,0.5,4.22,8.44,0.569
0,Soligo Prosecco Treviso Brut,11.0,0.75,14.49,19.32,0.569
0,Pizzolato Organic Prosecco Brut,11.0,0.75,14.49,19.32,0.569
0,Luzón Colección Rosado 2022,12.0,0.75,15.81,21.08,0.569
0,Jose Cuervo Tradicional Reposado Tequila,38.0,0.7,46.80,66.857,0.568
0,Fiero Becco 2018,14.5,0.75,19.15,25.533,0.568
0,Glen Elgin 12 Year Old Single Malt,43.0,0.7,52.99,75.7,0.568
0,Scarabus Batch Strength Single Malt,57.0,0.7,70.23,100.329,0.568
0,Gabriel Meffre Lirac Sainte-Baume 2022,14.0,0.75,18.48,24.64,0.568
0,Zonin Ripasso Valpolicella Superiore 2020,14.0,0.75,18.48,24.64,0.568
0,Pyynikin Payday Craft Gin,48.0,0.5,42.35,84.7,0.567
0,Perlage Afra Organic Prosecco Rosé Extra Dry 2021,11.0,0.75,14.54,19.387,0.567
0,La Grande Josiane Liqueur d'Armagnac à l'Orange,36.0,0.7,44.45,63.5,0.567
0,Vicarage Lane Bubbly Chardonnay & Pinot Noir Brut 2023,13.0,0.75,17.20,22.933,0.567
0,Williams GB Extra Dry Gin,40.0,0.7,49.35,70.5,0.567
0,Schwarzwälder Kirschwasser,42.0,0.35,25.95,74.143,0.566
0,Limoncello Pronol,21.0,0.35,12.98,37.086,0.566
0,Hetényi Blue Bull Szekszárdi Bikavér 2017,13.5,0.75,17.90,23.867,0.566
0,Meukow Wild Berry,30.0,0.35,18.55,53.0,0.566
0,Etz Rivaner 2018,12.0,0.75,15.89,21.187,0.566
0,Glen Moray Elgin Heritage 12 Year Old Single Malt,40.0,0.7,49.50,70.714,0.566
0,Zelanos Misket 2018,12.5,0.75,16.55,22.067,0.566
0,Stone IPA tölkki,6.9,0.355,4.33,12.197,0.566
0,Glendalough Single Cask Burgundy Finish,42.0,0.7,51.90,74.143,0.566
0,Margnat Generation 2019,13.0,0.75,17.22,22.96,0.566
0,To Øl Cryo Out Loud Triple IPA tölkki,10.3,0.44,8.00,18.182,0.566
0,Malat Riesling Kellergärten 2021,12.5,0.75,16.57,22.093,0.566
0,Olmeca Altos Reposado Tequila,38.0,0.7,46.98,67.114,0.566
0,Glendalough Single Cask Madeira Finish,42.0,0.7,51.90,74.143,0.566
0,Bruxo X Joven Mezcal,40.0,0.7,49.57,70.814,0.565
0,Château de Durette Juliénas Colline des Mouilles 2022,14.5,0.75,19.25,25.667,0.565
0,Ollinmäen Mustaviinimarjalikööri,20.0,0.35,12.39,35.4,0.565
0,Bache Gabrielsen American Oak,40.0,0.7,49.52,70.743,0.565
0,Dublin City Gin 42% 70cl,42.0,0.7,52.06,74.371,0.565
0,Jean Loron Côte-de-Brouilly Les Esnards 2020,14.0,0.75,18.59,24.787,0.565
0,Manoella Finest Reserve Ruby Porto,19.5,0.75,25.89,34.52,0.565
0,Kaufmann Spätburgunder 2018,13.5,0.75,17.93,23.907,0.565
0,La Marca Prosecco,10.5,0.75,13.95,18.6,0.565
0,Four Roses Single Barrel,50.0,0.7,61.98,88.543,0.565
0,Tío Pepe Fino Sherry,15.0,0.375,9.98,26.613,0.564
0,Bols Raspberry,17.0,0.5,15.07,30.14,0.564
0,Chateau Ste Michelle Riesling 2021,12.0,0.75,15.96,21.28,0.564
0,Poli Elisir Limone,27.0,0.7,33.50,47.857,0.564
0,La Selva Sangiovese Bianco 2016,12.5,0.75,16.61,22.147,0.564
0,X-Berg Reserve Pinot Noir 2020,13.5,0.75,17.95,23.933,0.564
0,Bols Watermelon,17.0,0.5,15.07,30.14,0.564
0,Seifried Grüner Veltliner 2021,12.5,0.75,16.63,22.173,0.564
0,ABK6 VSOP Single Estate muovipullo,40.0,0.5,35.49,70.98,0.564
0,Sand Tropez 2021,13.0,0.75,17.29,23.053,0.564
0,Tosti Butterfly Demi-Sec,7.5,0.75,9.98,13.307,0.564
0,Fleur de Vignoble Crémant de Bordeaux Brut,11.5,0.75,15.29,20.387,0.564
0,Conway's Irish Country Cream,14.5,0.7,17.99,25.7,0.564
0,Stallhagen Bock Lager,5.2,0.33,3.05,9.242,0.563
0,X-Berg Riesling 2022,12.0,0.75,15.99,21.32,0.563
0,Vale D. Maria Douro Superior 2021,13.5,0.75,17.98,23.973,0.563
0,Quinta do Espirito Santo Reserva  2016,15.0,0.75,19.99,26.653,0.563
0,Skagerrak Nordic Dry Gin muovipullo,44.9,0.04,3.19,79.75,0.563
0,Bellebolle Garda Rosé Millesimato Brut 2021,12.0,0.75,15.99,21.32,0.563
0,Spier Seaward Sauvignon Blanc 2021,13.5,0.75,17.98,23.973,0.563
0,Walter Wiener Gemischter Satz 2022,12.0,0.75,15.99,21.32,0.563
0,Jean Leon 3055 Chardonnay 2021,13.5,0.75,17.98,23.973,0.563
0,Bestheim Crémant d'Alsace Brut Premium,12.0,0.75,15.99,21.32,0.563
0,Helle Mimosa Frizzante,6.0,0.75,7.99,10.653,0.563
0,Ruhlmann-Schutz Muscat Fleur de Printemps 2021,12.0,0.75,15.98,21.307,0.563
0,Domaine la Boutiniere Fabuleux Destin d’Amelie Boutin 2020,15.0,0.75,19.99,26.653,0.563
0,Le Philtre Organic Vodka,40.0,0.7,49.73,71.043,0.563
0,Bache Gabrielsen Dry & Rustic VSOP,40.0,0.7,49.70,71.0,0.563
0,Von Buhl Bone Dry Riesling 2022,12.0,0.75,15.99,21.32,0.563
0,Casal Miranda Loureiro Escolha Vinho Verde 2021,10.5,0.75,13.99,18.653,0.563
0,Wynns Coonawarra The Gables 2019,13.5,0.75,17.98,23.973,0.563
0,Sumarroca Gran Reserva Cava Brut Nature 2020,12.0,0.75,15.99,21.32,0.563
0,Braun Weissburgunder Trocken 2022,12.0,0.75,15.98,21.307,0.563
0,Avignonesi Rosso di Montepulciano 2018,13.5,0.75,17.99,23.987,0.563
0,Terre da Vino Ansisa Barbera d'Alba 2020,13.5,0.75,17.98,23.973,0.563
0,Lofotpils Shattered Dreams DIPA tölkki,7.0,0.44,5.47,12.432,0.563
0,Arid 2019,14.5,0.75,19.30,25.733,0.563
0,Casa Relvas Vinha da Mina Aragonez 2021,13.5,0.75,17.98,23.973,0.563
0,Pfaff Pinot Noir 2018,12.0,0.75,15.98,21.307,0.563
0,Alahovin Hilikunkuiva Valkoinen Viinimarjaviini,12.0,0.75,15.98,21.307,0.563
0,Meinklang Burgenlandred 2019,12.0,0.75,15.99,21.32,0.563
0,Regent Altenberg Engelhard 2021,12.0,0.75,15.99,21.32,0.563
0,Valpolicella Ripasso Superiore Ca´Vendri Magnum 2019,14.5,1.5,38.64,25.76,0.563
0,Astrolabe Wrekin Chenin Blanc 2020,13.5,0.75,17.98,23.973,0.563
0,Alahovin Hilikunmakkee Valkoinen Viinimarjaviini,12.0,0.75,15.98,21.307,0.563
0,Stellenrust Barrel Selection Cabernet Franc 2020,15.0,0.75,19.99,26.653,0.563
0,Becker Roster Rot  2014,13.5,1.5,35.98,23.987,0.563
0,Vinha da Mina Aragonez 2021,13.5,0.75,17.98,23.973,0.563
0,Freeclimber Riesling 2022,10.5,0.75,13.99,18.653,0.563
0,Gratien & Meyer Crémant de Loire Cuvée Rosé Brut,12.0,0.75,15.99,21.32,0.563
0,Graf von Schönborn Riesling Trocken 2022,12.0,0.75,15.99,21.32,0.563
0,Kaufmann Hattenheim Riesling trocken 2020,12.0,0.75,15.99,21.32,0.563
0,Karl Schaefer Sonnentropfen Trocken 2020,12.0,0.75,15.98,21.307,0.563
0,A. Le Coq Baltic Porter,6.0,0.75,7.99,10.653,0.563
0,Hunawihr Riesling Lieu-Dit Muehlforst 2022,13.5,0.75,17.98,23.973,0.563
0,Vicarage Lane Canterbury Pinot Noir 2021,13.5,0.75,17.98,23.973,0.563
0,Leitz Eins-Zwei-Dry Rheingau Riesling 2021,12.0,0.75,15.98,21.307,0.563
0,Barón de Ley Varietal Maturana 2018,15.0,0.75,19.99,26.653,0.563
0,Certosa di Belriguardo Mama Chianti 2020,13.5,0.75,17.98,23.973,0.563
0,Bougrier Vouvray Confidences 2021,12.0,0.75,15.98,21.307,0.563
0,Gratien & Meyer Crémant de Loire Brut,12.0,0.75,15.99,21.32,0.563
0,Helfrich Riesling 2021,12.0,0.75,15.98,21.307,0.563
0,Carpineto Dogajolo 2021,13.5,0.75,17.98,23.973,0.563
0,Marqués de Valparaíso Roble 2016,14.5,0.75,19.32,25.76,0.563
0,Cune Crianza Magnum 2019,13.5,1.5,35.98,23.987,0.563
0,Bouchard Aine & Fils Grande Cuvee Brut,12.0,0.75,15.99,21.32,0.563
0,Ti Amo Primitivo 2022,13.5,0.75,17.98,23.973,0.563
0,Saint Clair Grüner Veltliner 2018,13.5,0.75,17.98,23.973,0.563
0,Casa Silva Cool Coast Sauvignon Blanc 2018,13.5,0.75,17.98,23.973,0.563
0,Lumen Reserva Brut 2017,12.0,0.75,15.99,21.32,0.563
0,Frontaal Andreas Tripel tölkki,8.5,0.33,4.99,15.121,0.562
0,Ron Mulata de Cuba 7 Añejo,38.0,0.7,47.32,67.6,0.562
0,Duvel,8.5,0.33,4.99,15.121,0.562
0,Rotaliana Trentino Pinot Nero 2020,13.0,0.75,17.34,23.12,0.562
0,Pongrácz Méthode Cap Classique Brut,12.5,0.75,16.68,22.24,0.562
0,Zelanos Pinot Gris 2017,13.0,0.75,17.37,23.16,0.561
0,Penfolds Koonunga Hill Shiraz Cabernet 2021,14.5,0.375,9.69,25.84,0.561
0,Feudi di San Gregorio Falanghina del Sannio 2022,12.5,0.75,16.72,22.293,0.561
0,Coquerel XO Calvados,40.0,0.7,49.90,71.286,0.561
0,Deltetto Suasì Rosato 2021,12.5,0.75,16.72,22.293,0.561
0,Reverdito Langhe Nebbiolo 2020,14.0,0.75,18.73,24.973,0.561
0,Gaïa de Château Puybarbe 2020,14.5,0.375,9.69,25.84,0.561
0,Mallaskoski Medusa Rum Barrel Aged Spiced Barley Wine,11.9,0.33,7.00,21.212,0.561
0,Albert Bichot Mr No Sulfite 2021,14.0,0.75,18.73,24.973,0.561
0,Saimaa Yes Yes Dry Apple tölkki,5.5,0.33,3.24,9.818,0.56
0,De Kuyper The Original Peachtree,15.0,0.5,13.39,26.78,0.56
0,La Trappe Blond,6.5,0.33,3.83,11.606,0.56
0,Scandinavian Kulta Terwa,23.0,0.2,8.22,41.1,0.56
0,Pasqua Desire Lush & Zin Magnum 2021,13.5,1.5,36.14,24.093,0.56
0,Blue Velvet Violet Gin,40.0,0.7,49.99,71.414,0.56
0,Plantation Sealander,40.0,0.7,49.98,71.4,0.56
0,Warner’s London Dry Gin,40.0,0.7,49.99,71.414,0.56
0,Soerlie Selection VSOP,40.0,0.7,49.98,71.4,0.56
0,Teerenpeli Julma Juho,7.7,0.33,4.54,13.758,0.56
0,Bodegas Papiamento Caribbean Carnival,40.0,0.7,49.98,71.4,0.56
0,Alberto Nani Prosecco Organic Extra Dry Magnum,11.0,1.5,29.47,19.647,0.56
0,G'Vine Floraison Gin,40.0,0.7,49.99,71.414,0.56
0,Titento Pinot Grigio 2021,12.0,0.75,16.07,21.427,0.56
0,I Am Vodka,40.0,0.7,49.99,71.414,0.56
0,Turmeon Pink Velvet Gin,40.0,0.7,49.99,71.414,0.56
0,Finlandia Sahti muovipullo,8.0,0.75,10.71,14.28,0.56
0,Koskenkorva Hard Juice Red Berries muovipullo,15.0,0.5,13.39,26.78,0.56
0,Umano Rkatsiteli Qvevri Amber Dry 2022,12.5,0.75,16.74,22.32,0.56
0,The Deacon,40.0,0.7,49.98,71.4,0.56
0,Mufloni CCCC NEIPA tölkki,6.0,0.44,4.72,10.727,0.559
0,Agustí Torelló Mata Reserva Cava Brut 2019,11.5,0.75,15.42,20.56,0.559
0,Johnnie Walker Red Label muovipullo,40.0,0.05,3.58,71.6,0.559
0,Pühaste Trinity In Black Imperial Stout tölkki,12.5,0.33,7.38,22.364,0.559
0,Limburgse Witte tölkki,5.0,0.5,4.47,8.94,0.559
0,Clarendelle Blanc 2018,12.5,0.75,16.78,22.373,0.559
0,Laphroaig Select Single Malt,40.0,0.7,50.08,71.543,0.559
0,Früh Kölsch tölkki,4.8,0.5,4.29,8.58,0.559
0,Faustino VII Rosado,12.5,0.1875,4.19,22.347,0.559
0,Los Tres Toños Reposado Tequila,38.0,0.7,47.55,67.929,0.559
0,Etz Rosé 2019,12.5,0.75,16.80,22.4,0.558
0,The Dalmatian Dog Pošip 2021,12.5,0.75,16.80,22.4,0.558
0,Save Water Drink Riesling Feinherb 2022,11.0,0.75,14.79,19.72,0.558
0,Le Contesse Anna Dolce,9.5,0.75,12.77,17.027,0.558
0,Calvet Beaujolais 2020,12.5,0.75,16.80,22.4,0.558
0,Torre de Golbán Crianza 2019,14.5,0.75,19.49,25.987,0.558
0,Carmen Gran Reserva Carignan 2017,14.5,0.75,19.49,25.987,0.558
0,Medusa Albariño 2021,13.0,0.75,17.48,23.307,0.558
0,Ayinger Altbairisch Dunkel,5.0,0.5,4.48,8.96,0.558
0,Bruno Murciano Parajes del Cabriel 2019,14.5,0.75,19.48,25.973,0.558
0,Bivrost Akvavit,40.0,0.5,35.86,71.72,0.558
0,Voga Prosecco Rose Extra Dry 2021,11.0,0.75,14.79,19.72,0.558
0,Stone Delicious Double IPA tölkki,9.4,0.355,5.98,16.845,0.558
0,Demuerte 2020,14.5,0.75,19.49,25.987,0.558
0,Bols Banana,17.0,0.5,15.22,30.44,0.558
0,Samson Extra Hopped Lager,4.9,0.5,4.39,8.78,0.558
0,Corvezzo Organic Prosecco Rosé Brut 2022,11.5,0.75,15.49,20.653,0.557
0,El Esteco Blanc de Noir 2022,13.0,0.75,17.49,23.32,0.557
0,San Cassiano Soave 2020,13.0,0.75,17.49,23.32,0.557
0,Moselland Ars Vitis Riesling 2021,8.0,0.75,10.78,14.373,0.557
0,Flying Solo Rose 2022,12.5,0.75,16.84,22.453,0.557
0,Ramon Canals Reserva Numerada Cava Seco 2020,11.5,0.75,15.48,20.64,0.557
0,Masi Masianco Pinot Grigio Verduzzo 2021,13.0,0.75,17.50,23.333,0.557
0,Jaloviina Muuli tölkki,5.0,0.33,2.96,8.97,0.557
0,Tampere GIN Summer Edition,47.0,0.5,42.16,84.32,0.557
0,Fernand Engel Pinot Blanc Réserve 2022,13.0,0.75,17.49,23.32,0.557
0,The Old Curiosity Geranium & Mallow Gin,46.0,0.5,41.27,82.54,0.557
0,Monte Del Frá Bardolino 2022,12.5,0.75,16.84,22.453,0.557
0,Valvirginio Collerosso Chianti Colli Fiorentini 2018,14.0,0.75,18.84,25.12,0.557
0,Bervini Prosecco Biologico Extra Dry,11.0,0.75,14.81,19.747,0.557
0,Blanc d'Enguera 2022,13.0,0.75,17.49,23.32,0.557
0,Carlin de Paolo Terre Alfieri Nebbiolo 2020,14.0,0.75,18.90,25.2,0.556
0,Tariquet Hors d'Age Bas-Armagnac,40.0,0.5,35.99,71.98,0.556
0,Soalheiro Mar,11.5,0.75,15.50,20.667,0.556
0,Susana Balbo Crios Malbec 2021,14.0,0.75,18.90,25.2,0.556
0,Altolandon Rayuelo 2019,14.0,0.75,18.90,25.2,0.556
0,Seppeltsfield Barossa Shiraz 2021,14.8,0.75,19.98,26.64,0.556
0,Distillerie Moutard Marc Champenois 5 ans,40.0,0.5,35.98,71.96,0.556
0,Vallaton Päärynäkermalikööri muovipullo,15.0,0.5,13.48,26.96,0.556
0,Meukow Vanilla,30.0,0.5,26.98,53.96,0.556
0,Mallaskoski Cerberos Bourbon Barrel Aged Imperial Stout,11.8,0.33,7.01,21.242,0.556
0,Fat Lizard 51 Roadkill IPA tynnyri,6.5,20.0,233.67,11.683,0.556
0,Teerenpeli Pyygin,45.0,0.5,40.54,81.08,0.555
0,Labiette Castille XO Bas-Armagnac,40.0,0.5,36.06,72.12,0.555
0,Schmitges Riesling Trocken 2022,12.0,1.0,21.62,21.62,0.555
0,Sori Dark Humor Club Smoke & Peat tölkki,10.0,0.33,5.95,18.03,0.555
0,Leth St. Laurent Reserve 2020,13.5,0.75,18.23,24.307,0.555
0,Sori Dark Humor Club The Darkest Roast tölkki,10.0,0.33,5.95,18.03,0.555
0,Gérard Bertrand Naturae Organic Chardonnay 2022,12.5,0.75,16.89,22.52,0.555
0,Tampere Gin,47.0,0.5,42.34,84.68,0.555
0,Lillet Rosé,17.0,0.75,22.98,30.64,0.555
0,Lillet,17.0,0.75,22.98,30.64,0.555
0,Busnel 12 Ans Calvados,43.0,0.7,54.27,77.529,0.555
0,Fleurs de Prairie Rosé 2022,12.5,0.75,16.89,22.52,0.555
0,Tsiakkas Xynisteri 2020,13.0,0.75,17.56,23.413,0.555
0,Ayinger Celebrator,6.7,0.33,3.99,12.091,0.554
0,The Famous Grouse,40.0,0.05,3.61,72.2,0.554
0,Bianchi Extra Brut,12.0,0.75,16.25,21.667,0.554
0,Parajes del Valle Monastrell Ecológico 2021,13.0,0.75,17.60,23.467,0.554
0,Passoã Passion Fruit,17.0,0.7,21.49,30.7,0.554
0,Raig de Raim Art Wine Vol. 4 2015,13.0,0.75,17.60,23.467,0.554
0,Frontaal Deer Hunter Imperial Stout tölkki,13.4,0.33,7.98,24.182,0.554
0,Ceci 27 Opere Lambrusco Bruscone,11.0,0.75,14.89,19.853,0.554
0,Apteekkarin Cognac VSOP,40.0,0.5,36.17,72.34,0.553
0,Kanonkop Kadette Pinotage 2020,14.0,0.75,18.99,25.32,0.553
0,Lapin Kulta Pure 2,2.7,0.33,1.61,4.879,0.553
0,Trisquel Origen Sémillon 2016,13.5,0.75,18.31,24.413,0.553
0,Veuve du Vernay Ice Demi-Sec,11.0,0.2,3.98,19.9,0.553
0,Glen Garioch 1797 Founder's Reserve,48.0,0.7,60.78,86.829,0.553
0,Trivento Golden Reserve Malbec 2020,14.0,0.75,18.99,25.32,0.553
0,Château Bonnet Reserve 2018,14.0,0.75,18.99,25.32,0.553
0,Engine Pure Organic Gin tölkki,42.0,0.5,37.98,75.96,0.553
0,Brill PalinKaland Szilva Palinka,40.0,1.0,72.31,72.31,0.553
0,Cieck Vigna Misobolo 2020,14.0,0.75,18.98,25.307,0.553
0,Anciano Rioja Gran Reserva 2015,14.0,0.75,18.99,25.32,0.553
0,Tagus Creek Cabernet Sauvignon Touriga Nacional Reserva 2017,14.0,0.75,18.99,25.32,0.553
0,Kungfu Girl Riesling 2022,12.5,0.75,16.99,22.653,0.552
0,Pirkka Valpolicella Ripasso Superiore 2018,13.5,0.75,18.35,24.467,0.552
0,Dalva Rose Port,19.0,0.75,25.83,34.44,0.552
0,Rotari Riserva Brut 2019,12.5,0.75,16.99,22.653,0.552
0,Maku Moko New Zealand IPA tölkki,7.5,0.33,4.48,13.576,0.552
0,Leth Riesling Alte Reben 2022,12.5,0.75,16.99,22.653,0.552
0,Martin Codax Marieta Albariño 2022,12.5,0.75,16.99,22.653,0.552
0,Luca Bosio Barbera d'Asti 2021,13.5,0.75,18.34,24.453,0.552
0,Panimoyhtiö X Jaman Wheat Wine,10.0,0.33,5.98,18.121,0.552
0,Barton & Guestier Tourmaline Côtes de Provence 2021,12.5,0.75,16.99,22.653,0.552
0,Mad Dry by Tokaj 2017,12.5,0.75,16.99,22.653,0.552
0,Peroni Nastro Azzurro Gluten Free,5.0,0.33,2.99,9.061,0.552
0,Hendrick's Gin,41.4,0.7,52.50,75.0,0.552
0,Slingsby London Dry Gin,42.0,0.7,53.29,76.129,0.552
0,Rotari Gran Rosé Brut 2017,12.5,0.75,16.99,22.653,0.552
0,Happy Joe Extra Dry Pear tölkki,4.5,0.33,2.69,8.152,0.552
0,Planeta La Segreta Il Bianco 2022,12.5,0.75,16.99,22.653,0.552
0,Domäne Wachau Gelber Muskateller Terrassen 2019,12.5,0.75,16.99,22.653,0.552
0,Schneider Tattendorf Pinot Noir 2019,13.5,0.75,18.34,24.453,0.552
0,Piccini Valiano Chianti Classico 2016,13.5,0.75,18.33,24.44,0.552
0,McGuigan Black Label Moscato 2022,8.0,0.75,10.86,14.48,0.552
0,Planeta Rose 2022,12.5,0.75,16.99,22.653,0.552
0,Hugh Hamilton The Villain Cabernet Sauvignon 2020,14.7,0.75,19.98,26.64,0.552
0,Wolfberger Riesling Bio 2021,12.5,0.75,16.99,22.653,0.552
0,Pointe Blanche Single Malt,43.0,0.7,54.49,77.843,0.552
0,Rosa dei Masi 2021,12.5,0.75,16.99,22.653,0.552
0,Happy Joe Extra Dry Apple tölkki,4.5,0.33,2.69,8.152,0.552
0,Weinreich Grauburgunder 2022,12.5,0.75,16.99,22.653,0.552
0,Ableforth's Bathtub Old Tom Gin,42.4,0.5,38.50,77.0,0.551
0,That's Neiss Bubbly Pink Riesling,11.0,0.75,14.98,19.973,0.551
0,Balbiano Surpreisa 2018,13.5,0.75,18.36,24.48,0.551
0,Pizzolato Prosecco Organic Brut 2022,11.0,0.75,14.98,19.973,0.551
0,Piccini Prosecco Rosé Extra Dry 2019,11.0,0.75,14.98,19.973,0.551
0,Le Contesse Prosecco Brut Organic,11.0,0.75,14.98,19.973,0.551
0,Le Petit Balthazar Viognier Sauvignon Blanc 2022,11.0,0.75,14.98,19.973,0.551
0,Cavicchioli Vigna del Cristo Lambrusco di Sorbara,11.0,0.75,14.98,19.973,0.551
0,Haute Couture French Bubbles Blanc Dry,11.0,0.75,14.98,19.973,0.551
0,Gold Rush Cuvée d'Or Blanc de Blancs Extra Dry,11.0,0.75,14.98,19.973,0.551
0,Villa Huesgen Riesling By The Glass 2021,11.0,0.75,14.98,19.973,0.551
0,Kolima Pontikka,42.0,0.5,38.12,76.24,0.551
0,Verrocchio Prosecco Rosé Extra Dry 2020,11.0,0.75,14.98,19.973,0.551
0,Le Petit Balthazar Cinsault Rosé 2020,11.0,0.75,14.98,19.973,0.551
0,Zonin Prosecco Ice Demi Sec,11.0,0.75,14.98,19.973,0.551
0,Mufloni Vadelma Berliner Weisse tölkki,5.0,0.44,3.99,9.068,0.551
0,Invivo X Unity Prosecco Extra Dry,11.0,0.75,14.98,19.973,0.551
0,Baglietti Rosé No.7 Extra Dry,11.0,0.75,14.98,19.973,0.551
0,Maschio Prosecco Extra Dry Biologico,11.0,0.75,14.98,19.973,0.551
0,Piccini Prosecco Extra Dry,11.0,0.75,14.98,19.973,0.551
0,Zonin Prosecco Organic Extra Dry,11.0,0.75,14.98,19.973,0.551
0,Fogt What the Fogt  2021,11.0,0.75,14.98,19.973,0.551
0,Pure Nordic Distillery Dark Gin,54.0,0.5,49.00,98.0,0.551
0,Mugler Scheurebe Trocken 2018,11.0,0.75,14.98,19.973,0.551
0,Duvel 6,6.6,0.33,3.95,11.97,0.551
0,Piedras de San Pedro Loculto Seleccion 2020,14.5,0.75,19.72,26.293,0.551
0,Alberto Nani Frizzante Prosecco Organic,10.5,0.75,14.29,19.053,0.551
0,Rosecco Rose Prosecco Extra Dry,11.0,0.75,14.98,19.973,0.551
0,Valdo Aquarius Blanc de Blancs Extra Dry,11.0,0.75,14.98,19.973,0.551
0,Fontanafredda Marne Brune Nebbiolo d'Alba 2021,14.5,0.75,19.79,26.387,0.55
0,Jean Loron Terra Occitana Cinsault Rose 2021,12.5,0.75,17.03,22.707,0.55
0,M. Chapoutier Belleruche Côtes-du-Rhône Rouge 2022,14.5,0.375,9.88,26.347,0.55
0,Nokkos Vodka,42.0,0.7,53.41,76.3,0.55
0,Bols Pink Grapefruit,17.0,0.5,15.46,30.92,0.55
0,Ledaig 10 Year Old Single Malt,46.3,0.7,58.98,84.257,0.55
0,Fink & Kotzian Mojo,13.0,0.75,17.72,23.627,0.55
0,Jacob's Creek Double Barrel Cabernet Sauvignon 4th vintage,14.3,0.75,19.49,25.987,0.55
0,Salama Green Freaks New Zealand TIPA tölkki,10.0,0.44,8.00,18.182,0.55
0,Zeunerts Höga Kusten,5.3,0.5,4.82,9.64,0.55
0,San Gaetano Primitivo di Manduria Riserva 2019,15.0,0.75,20.45,27.267,0.55
0,Tullibardine 500 Sherry Cask Finish Single Malt,43.0,0.7,54.75,78.214,0.55
0,Tullibardine 228 Burgundy Cask Finish Single Malt,43.0,0.7,54.75,78.214,0.55
0,Pizzolato Organic Rosé Extra Dry Magnum,11.0,1.5,29.99,19.993,0.55
0,Junimperium Blended Dry Gin,45.0,0.7,57.27,81.814,0.55
0,Real Agrado Reserva 2017,14.5,0.75,19.79,26.387,0.55
0,Verrocchio Prosecco Magnum Extra Dry,11.0,1.5,29.99,19.993,0.55
0,Castoro Cellars Estate Grown Zinfandel  2020,14.5,0.75,19.79,26.387,0.55
0,Invivo X Unity Prosecco Rosé Extra Dry 2021,11.0,0.75,14.99,19.987,0.55
0,Tornion 1873 Hunaja-bock,7.3,0.33,4.38,13.273,0.55
0,Compass Box Great King St Artist's Blend,43.0,0.5,39.13,78.26,0.549
0,Mallaskoski Varusteleka Imperial Stout,10.0,0.33,6.01,18.212,0.549
0,Marina Espumante Brut,9.5,0.75,12.98,17.307,0.549
0,Catch & Release Riesling 2021,9.5,0.75,12.98,17.307,0.549
0,Château Malvat 2016,13.5,0.75,18.45,24.6,0.549
0,Bloom Premium London Dry Gin,40.0,0.7,51.03,72.9,0.549
0,Blandy's Santa Luzia Madeira,19.0,0.375,12.98,34.613,0.549
0,Alexander Gysler Feldstärke Grauburgunder Trocken 2020,12.0,0.75,16.40,21.867,0.549
0,Bristol Mauritius 5 Year Old Sherry Finish,43.0,0.7,54.85,78.357,0.549
0,Harahorn Norwegian Small Batch Gin,46.0,0.5,41.87,83.74,0.549
0,Barefoot White Zinfandel Rosé,9.0,0.75,12.29,16.387,0.549
0,Kimito Puolukkapontikka,38.0,0.5,34.61,69.22,0.549
0,Podere Il Balzo Chianti Rufina 2019,13.5,0.75,18.48,24.64,0.548
0,American Gothic Lodi Cabernet Sauvignon 2021,13.5,0.75,18.48,24.64,0.548
0,Elena Walch Schiava 2022,13.0,0.75,17.79,23.72,0.548
0,Belgvardo Vermentino 2022,13.5,0.75,18.48,24.64,0.548
0,Ca´del Sette Appassionante 2017,13.0,0.75,17.79,23.72,0.548
0,ZeroPuro Landae Pinot Grigio 2022,13.0,0.75,17.79,23.72,0.548
0,Summer Collection Rosé Extra Dry,9.5,0.75,12.99,17.32,0.548
0,Little Yering Shiraz 2016,14.6,0.75,19.99,26.653,0.548
0,Domaine Les Chenevières Mâcon Blanc Villages Chardonnay 2022,13.0,0.75,17.79,23.72,0.548
0,Fiskarsin Pikkupässi Kekriolut tölkki,6.0,0.33,3.61,10.939,0.548
0,Laposa Hableány Badacsony Balatoni Sárga Muskotály,11.5,0.75,15.75,21.0,0.548
0,Agitator Single Malt Whisky,43.0,0.7,54.90,78.429,0.548
0,Zanovello Ca'Lustra Belvedere Marzemino 2019,13.5,0.75,18.48,24.64,0.548
0,Zanchi Arvore Grechetto 2019,12.0,0.75,16.45,21.933,0.547
0,Pedra a Pedra Tinto 2019,13.5,0.75,18.50,24.667,0.547
0,Små Sure Bubble Fizz muovipullo,16.4,0.5,14.99,29.98,0.547
0,Baron Von Nemesis Shiraz 2021,14.5,0.75,19.89,26.52,0.547
0,Farina Ripasso Classico Superiore 2021,13.5,0.75,18.52,24.693,0.547
0,Il Colombaio San Cirino Chianti Colli Senesi 2021,14.0,0.75,19.21,25.613,0.547
0,Små Sure Sour Shot Jordbaer muovipullo,16.4,0.5,14.99,29.98,0.547
0,Ägräs Abloom Gin,43.7,0.5,39.98,79.96,0.547
0,Château d'Aqueria Tavel Rosé 2022,14.0,0.75,19.21,25.613,0.547
0,Små Sure Sour Shot Cola muovipullo,16.4,0.5,14.99,29.98,0.547
0,Huyghe Delirium Christmas,10.0,0.33,6.03,18.273,0.547
0,AK La Tierra Que Nos Lleva 2019,14.5,0.75,19.89,26.52,0.547
0,Lyrarakis Psarades Plytó 2022,13.0,0.75,17.81,23.747,0.547
0,Små Gronne Granatable Lakrids Shot muovipullo,16.4,0.5,14.99,29.98,0.547
0,Lyrarakis Vidiano 2022,13.0,0.75,17.81,23.747,0.547
0,Casa Marin Cartagena Gewurztraminer 2022,13.5,0.75,18.50,24.667,0.547
0,Pramia Vahva Lager muovipullo,7.3,0.75,10.01,13.347,0.547
0,Karl May Riesling 2022,11.5,0.75,15.78,21.04,0.547
0,Rocca Dei Forti Prosecco Rosé Brut 2019,11.5,0.75,15.78,21.04,0.547
0,La Gioiosa Prosecco Dry,11.0,0.375,7.55,20.133,0.546
0,Florio Oltrecento Marsala Superiore Dolce 2017,18.0,0.5,16.49,32.98,0.546
0,Neiss Riesling Hochgewächs 2022,12.0,0.75,16.49,21.987,0.546
0,Casar de Burbia Hombros 2020,14.5,0.75,19.90,26.533,0.546
0,La Gioiosa Prosecco Rosé Millesimato Brut 2022,11.0,0.375,7.55,20.133,0.546
0,Bernard-Massard Cuvée de l'Ecusson Brut,12.0,0.75,16.49,21.987,0.546
0,Bernard-Massard Cuvée de l'Ecusson Rosé Brut,12.0,0.75,16.49,21.987,0.546
0,Deep Roots Finest Selection Organic Riesling 2022,12.0,0.75,16.49,21.987,0.546
0,Thr3 Monkeys Sparkling Pineapple & Strawberry,8.0,0.75,10.99,14.653,0.546
0,Becker Riesling Trocken 2022,12.0,1.0,21.98,21.98,0.546
0,Original Long Drink tynnyri,5.5,30.0,302.25,10.075,0.546
0,Pfaff Crémant d'Alsace Blanc de Blancs Brut,12.0,0.75,16.49,21.987,0.546
0,Bertagnolli Grappa di Nosiola Trentino,40.0,0.2,14.65,73.25,0.546
0,Korrell Riesling vom Tonmergel 2022,12.0,0.75,16.49,21.987,0.546
0,Thr3 Monkeys Sparkling Raspberry & Peach,8.0,0.75,10.99,14.653,0.546
0,Nikka Days,40.5,0.7,51.98,74.257,0.545
0,Raiz de Guzmán Crianza 2011,15.0,0.75,20.66,27.547,0.545
0,Santa Julia Chardonnay 2022,12.5,0.187,4.29,22.941,0.545
0,Absolut Elyx Single Estate Copper Crafted Vodka,42.3,3.0,232.98,77.66,0.545
0,Sandpiper Barossa Shiraz 2019,14.5,0.375,9.98,26.613,0.545
0,Eagle Rare Kentucky Straight Bourbon Whiskey,45.0,0.7,57.76,82.514,0.545
0,Finca Viñoa Treixadura 2021,13.0,0.75,17.89,23.853,0.545
0,Domaine Houchart Rosé 2021,13.0,0.75,17.90,23.867,0.545
0,Ondarre Reserva 2018,14.0,0.75,19.26,25.68,0.545
0,Il Ciliegio Poggio Orlando Chianti Colli Senesi Riserva 2017,14.5,0.75,19.99,26.653,0.544
0,Wolf Blass House of The Dragon Fire & Blood Cabernet Sauvignon Shiraz 2021,14.5,0.75,19.99,26.653,0.544
0,Prince Hubert de Polignac VS,40.0,0.7,51.44,73.486,0.544
0,Fragas Do Lecer Godello 2022,13.0,0.75,17.91,23.88,0.544
0,Château Tour Bayard Montagne-Saint-Emilion 2020,14.5,0.75,19.99,26.653,0.544
0,Jau Orange 2022,13.5,0.75,18.61,24.813,0.544
0,Ravenswood Lodi Zinfandel 2021,14.5,0.75,19.99,26.653,0.544
0,Ébano Crianza 2015,14.5,0.75,19.99,26.653,0.544
0,Archipel de Château Puybarbe 2020,14.5,0.75,19.99,26.653,0.544
0,Coca i Fitó Jaspi Negre 2019,14.5,0.75,19.99,26.653,0.544
0,Argiolas Costera 2021,14.5,0.75,19.99,26.653,0.544
0,Grappa Il Moscato di Nonino,41.0,0.7,52.80,75.429,0.544
0,Baron de Ley Reserva 2019,14.5,0.75,19.99,26.653,0.544
0,Monnet VSOP,40.0,0.7,51.49,73.557,0.544
0,Bombardier,5.2,0.5,4.78,9.56,0.544
0,La Nit de les Garnatxes Calissa Limestone 2016,14.5,0.75,19.99,26.653,0.544
0,Bolla Le Poiane Valpolicella Ripasso  2018,14.0,0.75,19.30,25.733,0.544
0,Capcanes Peraj Petita 2017,14.5,0.75,19.99,26.653,0.544
0,Museum Reserva 2019,14.5,0.75,19.99,26.653,0.544
0,La Nit de les Garnatxes Sand 2016,14.5,0.75,19.99,26.653,0.544
0,HIFK Red 2018,14.0,0.75,19.30,25.733,0.544
0,Gin Monsieur,43.7,0.7,56.28,80.4,0.544
0,Trus Roble 2019,14.5,0.75,19.99,26.653,0.544
0,Noble Vines 337 Cabernet Sauvignon 2019,14.5,0.75,19.99,26.653,0.544
0,Trapiche Medalla Malbec 2021,14.5,0.75,19.99,26.653,0.544
0,Pegasus Ripasso 2019,14.5,0.75,19.99,26.653,0.544
0,Lepaan Punakaneli,7.5,0.33,4.55,13.788,0.544
0,Château Puybarbe Astral 2019,14.5,0.75,19.99,26.653,0.544
0,Monkey Shoulder Smokey Monkey Blended Malt,40.0,0.7,51.51,73.586,0.544
0,Neleman Organic Bobal 2019,14.5,0.75,19.99,26.653,0.544
0,San Cassiano G Livelab Veneto Rosso 2020,14.5,0.75,19.99,26.653,0.544
0,La Nit de les Garnatxes Slate 2017,14.5,0.75,19.99,26.653,0.544
0,Barón de Ley Varietal Graciano 2020,14.5,0.75,19.99,26.653,0.544
0,Pradorey Adaro 2021,14.5,0.75,19.99,26.653,0.544
0,Espiritu de Chile Refreshing & Fruity White,5.5,0.75,7.59,10.12,0.543
0,Stone Delicious IPA tölkki,7.7,0.355,5.03,14.169,0.543
0,Espiritu de Chile Refreshing & Fruity Red,5.5,0.75,7.59,10.12,0.543
0,Karvilan Panimo x Kirjalan Kahvipaahtimo Espresso Stout,8.0,0.33,4.86,14.727,0.543
0,Campari,25.0,0.5,23.00,46.0,0.543
0,Falorni Padre & Figlio Governo All' Uso Toscano  2021,14.0,0.75,19.32,25.76,0.543
0,Jean-Luc Pasquet L´Organic 04,40.0,0.7,51.53,73.614,0.543
0,Menicucci Governo All'Uso Toscano 2020,14.0,0.75,19.32,25.76,0.543
0,Wicklow Wolf x Brique House Another Brique in the Wall tölkki,8.0,0.44,6.49,14.75,0.542
0,Hennessy Very Special,40.0,0.7,51.70,73.857,0.542
0,Murviedro Sericis Bobal Magnum 2016,13.0,1.5,35.98,23.987,0.542
0,Méry Melrose VSOP Grande Champagne Organic,40.0,0.7,51.62,73.743,0.542
0,Domini Veneti Pruviniano Lugana 2022,13.0,0.75,17.98,23.973,0.542
0,Sandro de Bruno Soave 2021,12.5,0.75,17.29,23.053,0.542
0,Mirabeau en Provence Classic Rosé 2022,13.0,0.75,17.98,23.973,0.542
0,Teliani Valley Kakhuri No. 8 Amber Dry Wine 2020,12.5,0.75,17.29,23.053,0.542
0,Ägräs Akvavit,43.7,0.2,16.14,80.7,0.542
0,Ägräs Gin,43.7,0.2,16.14,80.7,0.542
0,Weingut Wolf 1 Liter Rosé 2018,12.0,1.0,22.14,22.14,0.542
0,Caorunn Gin,41.8,0.7,53.99,77.129,0.542
0,G.D. Vajra Langhe Rosso 2022,13.5,0.75,18.69,24.92,0.542
0,Serra da Estrela Albariño 2022,13.0,0.75,17.99,23.987,0.542
0,Mouton Cadet Rouge 2019,13.5,0.75,18.69,24.92,0.542
0,Pfaff Pinot Gris Cuvee Rabelais 2021,13.0,0.75,17.98,23.973,0.542
0,Château Beaulieu Cuvée Alexandre Rosé 2022,13.0,0.75,17.98,23.973,0.542
0,Apulanta KuohAri Cava Brut,11.5,0.75,15.90,21.2,0.542
0,Chartreuse Jaune,43.0,0.7,55.51,79.3,0.542
0,Francois Martenot Bourgogne Pinot Noir Prestige 2020,13.0,0.75,17.98,23.973,0.542
0,Vall Dolina Rosat 2018,13.0,0.75,17.99,23.987,0.542
0,Tamellini Soave 2022,11.5,0.75,15.90,21.2,0.542
0,MIM Reserva Cava Brut,11.5,0.75,15.90,21.2,0.542
0,Leitz Eins Zwei Dry Sauvignon Blanc 2022,13.0,0.75,17.98,23.973,0.542
0,Quinta de la Rosa Dourosa 2020,12.5,0.75,17.30,23.067,0.542
0,Little Yering Pinot Noir 2020,13.0,0.75,17.98,23.973,0.542
0,Maison du Vin Crémant de Loire Brut,11.5,0.75,15.90,21.2,0.542
0,Biohof Pratsch Grüner Veltliner Rotenpüllen 2022,13.0,0.75,17.98,23.973,0.542
0,Écusson Bio Brut,5.5,0.75,7.62,10.16,0.541
0,Ca'del Baio Langhe Nebbiolo 2021,13.5,0.75,18.73,24.973,0.541
0,Hiisi Humulus Lupus Double IPA,9.0,0.33,5.49,16.636,0.541
0,Billy Bang 2019,14.0,0.75,19.40,25.867,0.541
0,Hiisi Iku-Turso Imperial Stout,9.0,0.33,5.49,16.636,0.541
0,Terra Venetica Valpolicella Ripasso Organic 2015,13.5,0.75,18.71,24.947,0.541
0,Logan Weemala Riesling 2020,11.5,0.75,15.94,21.253,0.541
0,Mallassepät Hopfenweisse Weizendoppelbock tölkki,8.0,0.33,4.88,14.788,0.541
0,Kolima Vodka,40.0,0.5,37.04,74.08,0.54
0,Freixenet Italian Rosé 2022,11.5,0.187,3.98,21.283,0.54
0,Crowmoor Meddling Magpie tölkki,5.3,0.33,3.24,9.818,0.54
0,To Øl Sovs Juicy IPA tölkki,6.0,0.44,4.89,11.114,0.54
0,After Rum,42.0,0.5,38.90,77.8,0.54
0,Compañero Panama Extra Añejo,54.0,0.7,69.98,99.971,0.54
0,Mouton Cadet Sauvignon Blanc 2022,12.0,0.75,16.68,22.24,0.54
0,Freixenet Pinot Grigio 2022,11.5,0.187,3.98,21.283,0.54
0,Valdibella Jakì 2017,14.5,0.75,20.14,26.853,0.54
0,Casa Maria Organico Cava Semi Seco,11.5,0.375,7.99,21.307,0.54
0,Frank Sant Thias Grüner Veltliner 2022,11.5,0.75,15.98,21.307,0.54
0,Bivrost Arctic Gin,44.0,0.5,40.78,81.56,0.539
0,Le Contesse Pinot Rosé Cuveé Brut,11.0,0.2,4.08,20.4,0.539
0,Renault Avec,40.0,0.7,51.98,74.257,0.539
0,Velkeer R39 Pálava Tramín Orange 2021,13.0,0.75,18.09,24.12,0.539
0,Malma Chacra La Papay Pinot Noir 2022,12.5,0.75,17.39,23.187,0.539
0,Mas Pere Rose Cava Brut,11.0,0.75,15.31,20.413,0.539
0,Speyburn 10 Year Old Single Malt,40.0,0.7,51.98,74.257,0.539
0,Zonin Prosecco Brut Magnum,11.0,1.5,30.60,20.4,0.539
0,Balthasar Ress Rheingau Riesling 2022,11.5,0.75,15.99,21.32,0.539
0,Santa Julia La Oveja Natural Torrontes 2022,13.5,0.75,18.80,25.067,0.539
0,Mas Pere Cava Semi Sec,11.0,0.75,15.31,20.413,0.539
0,Abasolo Corn Whisky,43.0,0.7,55.82,79.743,0.539
0,Gentleman Jack,40.0,0.7,51.98,74.257,0.539
0,Calvet Crémant de Bordeaux Blanc de Noirs Brut 2020,11.5,0.75,16.00,21.333,0.539
0,Bickel Stumpf Von den Bergen Silvaner Trocken 2022,11.5,0.75,15.99,21.32,0.539
0,That Boutique-y Gin Company Cherry Gin,42.6,0.5,39.50,79.0,0.539
0,Ukiyo Japanese Rice Vodka,40.0,0.7,51.91,74.157,0.539
0,Vana Tallinn Ice Cream,16.0,0.5,14.85,29.7,0.539
0,Vana Tallinn Coconut Cream,16.0,0.5,14.85,29.7,0.539
0,Gustav Cloudberry Liqueur,21.0,0.5,19.49,38.98,0.539
0,Warner`s Honeybee Gin,40.0,0.7,51.99,74.271,0.539
0,Brunehaut Saint Martin Brune,8.0,0.33,4.90,14.848,0.539
0,Astoria Fashion Victim Rose Extra Dry,11.0,0.75,15.31,20.413,0.539
0,Larsen VSOP,40.0,0.7,51.98,74.257,0.539
0,M. Chapoutier Les Gadilles Rasteau 2021,15.0,0.75,20.90,27.867,0.538
0,Highland Park Cask Strength Release No. 3 Single Malt,64.1,0.7,83.46,119.229,0.538
0,Ricky's IPA,5.5,0.5,5.11,10.22,0.538
0,Teeling Single Pot Still,46.0,0.7,59.90,85.571,0.538
0,Rothaus Pils,5.1,0.5,4.74,9.48,0.538
0,Hell Or High Water Rum XO,40.0,0.7,52.00,74.286,0.538
0,Helsinki Barrel Aged Gin,47.0,0.5,43.70,87.4,0.538
0,Anchor for Salty Sailors,22.0,0.75,30.67,40.893,0.538
0,Bikicki Pinotte 2017,14.5,0.75,20.23,26.973,0.538
0,Dow's Nirvana Reserve Port,20.0,0.5,18.60,37.2,0.538
0,Citadelle Original Dry Gin muovipullo,44.0,0.05,4.10,82.0,0.537
0,Catoctin Creek Watershed American Gin,46.0,0.7,59.98,85.686,0.537
0,Compass Box Great King St Glasgow Blend,43.0,0.7,56.00,80.0,0.537
0,Sour Fisk Pink & Black,15.0,0.7,19.57,27.957,0.537
0,Sour Fisk Sour Ice Pear,15.0,0.7,19.57,27.957,0.537
0,Tenuta Ferrante Nicò 2021,14.5,0.75,20.27,27.027,0.537
0,Faustino VII Blanco,12.0,0.1875,4.19,22.347,0.537
0,Craigellachie 13 Year Old Single Malt,46.0,0.7,59.97,85.671,0.537
0,Rodelia Appassimento 2021,14.5,0.75,20.27,27.027,0.537
0,Nik Weis Selection Urban Riesling 2022,10.0,0.75,13.99,18.653,0.536
0,Château Ksara Blanc de Blancs 2021,13.5,0.75,18.90,25.2,0.536
0,L'Empreinte de Saint Mont 2017,13.5,0.75,18.90,25.2,0.536
0,Mont-Ferrant Tradició Cava Brut,11.5,0.2,4.29,21.45,0.536
0,Jurtschitsch Platin Riesling 2022,12.0,0.75,16.78,22.373,0.536
0,De Kuyper Blueberry,15.0,0.7,19.59,27.986,0.536
0,Most Wanted Regions Albariño 2022,12.5,0.75,17.49,23.32,0.536
0,Beck Ink 2021,12.5,0.75,17.50,23.333,0.536
0,Koskenkorva Winter Apple,15.0,0.5,13.99,27.98,0.536
0,Montrubí Gaintus Radical 2019,12.5,0.75,17.50,23.333,0.536
0,M. Chapoutier Tournon Shiraz Mathilda 2022,15.0,0.75,20.98,27.973,0.536
0,Codorníu Clasico Cava Sec Organic,11.5,0.2,4.29,21.45,0.536
0,United Gypsies Big Berry Imperial Stout w/ Mulberries tölkki,11.2,0.33,6.89,20.879,0.536
0,Steininger Cabernet Sauvignon Rosé 2022,12.5,0.75,17.48,23.307,0.536
0,De Kuyper Passion Fruit,15.0,0.7,19.59,27.986,0.536
0,De Kuyper Raspberry,15.0,0.7,19.59,27.986,0.536
0,Brovence Organic Rosé 2021,12.0,0.75,16.78,22.373,0.536
0,Bubi Piemonte Chardonnay,12.0,0.75,16.80,22.4,0.536
0,Havana Club Selección de Maestros,45.0,0.7,58.79,83.986,0.536
0,King's Bay Sauvignon Blanc Organic 2022,12.5,0.75,17.48,23.307,0.536
0,Jorn Nou Garnacha Blanca  2020,13.5,0.75,18.90,25.2,0.536
0,Braastad Organic Finest VSOP,40.0,0.5,37.29,74.58,0.536
0,Steininger Zweigelt 2022,13.5,0.75,18.90,25.2,0.536
0,La Brique Cidre Bouché Brut,5.0,0.75,6.99,9.32,0.536
0,Linie Aquavit,41.5,0.05,3.88,77.6,0.535
0,Glenglassaugh Evolution Single Malt,50.0,0.7,65.48,93.543,0.535
0,Brumont Torus 2018,13.5,0.75,18.94,25.253,0.535
0,Chouffe Blanche,6.5,0.33,4.01,12.152,0.535
0,Le Purp Original,20.0,0.5,18.69,37.38,0.535
0,Lehe Ravnodenstvie,11.0,0.33,6.79,20.576,0.535
0,Rioja Bordón Crianza 2018,13.5,0.75,18.94,25.253,0.535
0,Lebenshilfe Riesling Trocken 2020,11.5,1.0,21.49,21.49,0.535
0,Sepp Moser Riesling Von den Terrassen 2019,13.0,0.75,18.24,24.32,0.535
0,Helsinki Dry Gin,47.0,0.5,43.92,87.84,0.535
0,Jean Perrier et Fils Apremont Cuvée Gastronomie 2022,11.5,0.75,16.11,21.48,0.535
0,Minttu Twist Polka,16.0,0.5,14.98,29.96,0.534
0,Nøgne Ø Imperial Brown Ale,7.5,0.5,7.02,14.04,0.534
0,Henney's Dry Cider,6.0,0.5,5.62,11.24,0.534
0,Botran 1893 Añejo Solera 18,40.0,0.2,14.98,74.9,0.534
0,Antigua Cruz Silver Tequila,40.0,0.35,26.20,74.857,0.534
0,Ken Forrester Cabernet Sauvignon Reserve 2022,13.5,0.375,9.48,25.28,0.534
0,Réal Martin Cuvée César Brezillou Rosé 2021,13.0,0.75,18.27,24.36,0.534
0,Ruosniemen Malt Liqueur Rye Malt Whisky,11.0,0.33,6.80,20.606,0.534
0,Minttu Twist Toffy Popcorn,16.0,0.5,14.98,29.96,0.534
0,Minttu Twist Karamel,16.0,0.5,14.98,29.96,0.534
0,Pizzolato Valdobbiadene Prosecco Superiore Biologico Brut 2022,11.0,0.75,15.48,20.64,0.533
0,Trisquel Series Chardonnay 2018,13.0,0.75,18.31,24.413,0.533
0,Mionetto Prosecco Magnum Brut,11.0,1.5,30.98,20.653,0.533
0,Mallaskoski Black Stout,10.5,0.33,6.50,19.697,0.533
0,Zenato Lugana San Benedetto 2022,13.5,0.75,18.99,25.32,0.533
0,Signos de Origen Chardonnay Rousanne 2022,13.5,0.75,18.99,25.32,0.533
0,Grimbergen Blonde,6.7,0.33,4.15,12.576,0.533
0,Zonin Prosecco Rosé Brut,11.0,0.75,15.48,20.64,0.533
0,Santa Julia El Burro Natural Malbec 2022,13.5,0.75,18.98,25.307,0.533
0,Matua Lands & Legends Sauvignon Blanc 2021,13.0,0.75,18.29,24.387,0.533
0,19 Crimes Snoop Dogg Cali Rosé,11.0,0.75,15.48,20.64,0.533
0,Fontanafredda Ebbio Langhe Nebbiolo 2021,13.5,0.75,18.99,25.32,0.533
0,Borgogno Langhe Rosso 2020,13.5,0.75,18.99,25.32,0.533
0,Pizzolato Organic Prosecco Rose Brut 2020,11.0,1.5,30.98,20.653,0.533
0,Lervig Supersonic tölkki,8.5,0.5,7.98,15.96,0.533
0,Paul Buecher Riesling 2020,13.5,0.375,9.49,25.307,0.533
0,Laurenz V. Forbidden 2022,11.0,0.75,15.48,20.64,0.533
0,Vignalucis Ejus 2021,13.5,0.75,18.99,25.32,0.533
0,Mud House Central Otago Pinot Noir 2021,13.5,0.75,18.99,25.32,0.533
0,Art of Wine The Kiss Brut,11.0,0.75,15.48,20.64,0.533
0,Château Saint Estève Tradition Côtes-du-Rhône 2020,14.5,0.375,10.21,27.227,0.533
0,Crazy Bulles Rose 2021,13.0,0.75,18.31,24.413,0.533
0,Georges Duboeuf Saint-Amour 2022,14.0,0.75,19.70,26.267,0.533
0,Domacija Bizjak Rebula 2020,13.5,0.75,18.98,25.307,0.533
0,Del Professore À La Madame 2017,42.9,0.7,56.39,80.557,0.533
0,Keppo Double IPA Luomu,7.8,0.33,4.83,14.636,0.533
0,Cerne Refošk 2022,13.5,0.75,18.99,25.32,0.533
0,Quinta do Monte d'Oiro Tinto Organic 2018,13.5,0.75,18.99,25.32,0.533
0,Giuseppe Campagnola Valpolicella Ripasso 2021,13.5,0.75,18.99,25.32,0.533
0,Reviseur VSOP,40.0,0.7,52.49,74.986,0.533
0,Martes Santo Añejo,40.0,0.7,52.63,75.186,0.532
0,Rekorderlig Botanicals Rhubarb-Lemon-Mint,4.5,0.33,2.79,8.455,0.532
0,Tragolargo Monastrell 2019,12.5,0.75,17.61,23.48,0.532
0,Poliziano Lohsa Morellino di Scansano 2022,14.0,0.75,19.72,26.293,0.532
0,Barudi Syrah Merlot 2020,14.0,0.75,19.73,26.307,0.532
0,Redemption Bourbon,42.0,0.7,55.30,79.0,0.532
0,Schmitges Riesling Feinherb 2022,11.5,1.0,21.62,21.62,0.532
0,Relicario Ron Dominicano,40.0,0.7,52.59,75.129,0.532
0,Le Contesse Prosecco Rosé Brut 2021,11.0,0.75,15.50,20.667,0.532
0,Nada Langhe Nebbiolo 2021,14.0,0.75,19.73,26.307,0.532
0,Tayu 1865 Pinot Noir 2019,13.0,0.75,18.34,24.453,0.532
0,Soalheiro Allo 2021,11.0,0.75,15.50,20.667,0.532
0,Olmeca Altos Añejo Tequila,40.0,0.7,52.60,75.143,0.532
0,Pure Nordic Distillery Dark Vodka,52.0,0.5,49.00,98.0,0.531
0,Baracchi Smeriglio 2018,14.5,0.75,20.48,27.307,0.531
0,Oh So Oat,17.0,0.5,16.00,32.0,0.531
0,Häjy Loitsu Gin,43.0,0.5,40.52,81.04,0.531
0,Lorca Poético Cabernet Franc 2017,14.5,0.75,20.49,27.32,0.531
0,Villa Maria EarthGarden Sauvignon Blanc 2021,14.0,0.75,19.79,26.387,0.531
0,Domaine A. Berthet-Rayne Cairanne Vieilles Vignes 2021,14.5,0.75,20.48,27.307,0.531
0,Monnet VSOP muovipullo,40.0,0.5,37.65,75.3,0.531
0,Mallaskoski Imp,36.6,0.2,13.79,68.95,0.531
0,Nagu Akvavit,38.0,0.7,50.09,71.557,0.531
0,I Castei Valpolicella Ripasso Classico Superiore 2018,14.0,0.75,19.79,26.387,0.531
0,Glenfarclas 8 Year Old Single Malt,40.0,0.7,52.75,75.357,0.531
0,Chartreuse MOF,45.0,0.7,59.36,84.8,0.531
0,Nicosia Insolia 2022,12.5,0.75,17.66,23.547,0.531
0,Villa Conchi Magnum Cava Brut,11.5,1.5,32.49,21.66,0.531
0,Castellblanc Rosado Cava Brut,12.0,0.375,8.49,22.64,0.53
0,Amirault Grosbois Le Caillou Saumur-Champigny 2021,13.0,0.75,18.38,24.507,0.53
0,Salama Electrocution Double Neipa tölkki,8.0,0.44,6.64,15.091,0.53
0,Sepp Moser Grüner Veltliner Ried Gebling 2022,13.0,0.75,18.38,24.507,0.53
0,Gisselbrecht Blanc de Noirs Crémant d´Alsace Brut,12.0,0.75,16.99,22.653,0.53
0,Masi Moxxé Brut 2022,12.0,0.75,16.99,22.653,0.53
0,Dreissigacker Organic Pink Riesling,12.0,0.75,16.99,22.653,0.53
0,Charles de Fere Crémant du Jura Rosé Brut,12.0,0.75,16.99,22.653,0.53
0,Wolfberger Crémant d'Alsace Brut,12.0,0.75,16.99,22.653,0.53
0,Sauvignon Blanc by Gillot 2022,12.0,0.75,16.98,22.64,0.53
0,Poggio Al Tesoro Mediterra 2021,14.0,0.75,19.82,26.427,0.53
0,LaCheteau Cuvée Ephémère Demi-Sec,12.0,0.75,16.99,22.653,0.53
0,Perlage Canah Prosecco Brut,11.5,0.75,16.28,21.707,0.53
0,Bitburger Premium,4.8,0.33,2.99,9.061,0.53
0,Spanier Gillot Riesling Kalkglimmer 2021,12.0,0.75,16.99,22.653,0.53
0,BIP Benjamin Marsala Superiore Riserva Oro 2013,18.0,0.75,25.48,33.973,0.53
0,Bertani Valpolicella 2021,12.0,0.75,16.99,22.653,0.53
0,Readers´Gin,44.0,0.5,41.50,83.0,0.53
0,Bernard-Massard Cuvèe Organic Brut,12.0,0.75,16.99,22.653,0.53
0,Laurenz V. Singing Grüner Veltliner 2022,12.0,0.75,16.99,22.653,0.53
0,United Gypsies Ultimate Ryyskä Quadryepel w/ Rye Whisky Oak Chips tölkki,11.0,0.33,6.85,20.758,0.53
0,Pfaffl Hund Reserve Grüner Veltiner 2019,14.0,0.75,19.82,26.427,0.53
0,Meyer-Fonne Pinot Blanc 2019,12.0,0.75,16.99,22.653,0.53
0,Charles de Fère Crémant du Jura Brut,12.0,0.75,16.99,22.653,0.53
0,Gouden Carolus Classic,8.5,0.75,12.04,16.053,0.529
0,Poppels Double India Pale Ale,8.0,0.33,4.99,15.121,0.529
0,Kasteel Rouge,8.0,0.33,4.99,15.121,0.529
0,Hiisi Homunculus Lupus Imperial IPA,8.0,0.33,4.99,15.121,0.529
0,Montelvini Prosecco Rose Brut,11.0,0.75,15.59,20.787,0.529
0,Marqués de Cáceres Reserva 2018,14.0,0.75,19.85,26.467,0.529
0,De Kuyper Grapefruit,15.0,0.5,14.19,28.38,0.529
0,Tampere Gin Oak Edition,47.0,0.5,44.44,88.88,0.529
0,Dr. Loosen L Dry Riesling 2022,12.0,1.5,34.00,22.667,0.529
0,Pühaste Dekadents Imperial Stout tölkki,11.2,0.33,6.99,21.182,0.529
0,Poppels Double IPA,8.0,0.33,4.99,15.121,0.529
0,Elusìa Rosso Bio Vegan,13.5,0.75,19.13,25.507,0.529
0,Hendrick's Neptunia Gin,43.4,0.7,57.50,82.143,0.528
0,Renegade Old Bacolet Pre-Cask Single Farm Rum 2020,51.0,0.7,67.57,96.529,0.528
0,Hendrick's Lunar,43.4,0.7,57.50,82.143,0.528
0,Damilano Barbera D'Asti 2020,15.0,0.75,21.32,28.427,0.528
0,Robert Mondavi Private Selection Chardonnay California 2020,13.5,0.75,19.18,25.573,0.528
0,Fagerhult Export,5.3,0.5,5.02,10.04,0.528
0,Zuccardi Q Tempranillo 2018,14.0,0.75,19.89,26.52,0.528
0,Insight Single Vineyard Sauvignon Blanc 2022,13.0,0.75,18.48,24.64,0.528
0,Apothicaire de L'Armagnac Baco & Ugni Blanc 10 ans,40.0,0.7,52.98,75.686,0.528
0,Pyynikin Lapsang Souchong Smoked Tea Gin,43.6,0.5,41.25,82.5,0.528
0,Fernand Engel Pinot Gris Terres Rouges Organic 2022,14.0,0.75,19.89,26.52,0.528
0,Renegade Pearls Pre-Cask Single Farm Rum 2021,51.0,0.7,67.57,96.529,0.528
0,Koto Gin,47.5,0.5,44.99,89.98,0.528
0,Harahorn White Lemon Gin,42.0,0.5,39.77,79.54,0.528
0,Robert Mondavi Private Selection Cabernet Sauvignon 2019,13.5,0.75,19.18,25.573,0.528
0,Robert Mondavi Private Selection Pinot Noir 2021,13.5,0.75,19.18,25.573,0.528
0,Marco Cecchini Monsieur Verduc 2020,14.0,0.75,19.90,26.533,0.528
0,Mas Pere Seleccion Cava Brut,11.5,0.75,16.36,21.813,0.527
0,An Dúlamán Irish Maritime Gin,43.2,0.5,40.99,81.98,0.527
0,Polkura GSM 2018,14.5,0.75,20.63,27.507,0.527
0,Saxenburg Private Collection Sauvignon Blanc 2019,13.5,0.75,19.20,25.6,0.527
0,Fontanafredda Solerose Rosato 2019,12.5,0.75,17.79,23.72,0.527
0,Nagu Small Batch Dry Gin,47.0,0.5,44.62,89.24,0.527
0,Tiki Single Vineyard North Canterbury Sauvignon Blanc 2022,12.5,0.75,17.79,23.72,0.527
0,Sarah Jessica Parker Invivo X Rosé 2022,12.5,0.75,17.79,23.72,0.527
0,Kracher Zweigelt Rosé 2020,12.0,0.75,17.07,22.76,0.527
0,Ruukki Gin,45.9,0.5,43.57,87.14,0.527
0,d,8.0,0.375,5.69,15.173,0.527
0,Paxton Now Organic Shiraz 2020,14.0,0.75,19.97,26.627,0.526
0,Original Long Shot,15.5,0.7,20.64,29.486,0.526
0,Chimay Première,7.0,0.75,9.98,13.307,0.526
0,Berta Cabernet Sauvignon Rosé 2019,12.5,0.75,17.82,23.76,0.526
0,Stone Hazy IPA tölkki,6.7,0.355,4.52,12.732,0.526
0,Wicklow Wolf Mammoth IPA tölkki,6.2,0.44,5.19,11.795,0.526
0,Perlage Quorum Prosecco Extra Dry,11.5,0.75,16.40,21.867,0.526
0,Bertani Velante Pinot Grigio 2021,12.5,0.75,17.81,23.747,0.526
0,Põhjala Heli Imperial Gose tölkki,8.0,0.33,5.02,15.212,0.526
0,Krämer Straight Riesling 2022,12.0,0.25,5.70,22.8,0.526
0,Borgogno Barbera d'Alba 2022,14.0,0.75,19.98,26.64,0.526
0,Stallhagen Pommern Pale Ale,4.8,0.33,3.01,9.121,0.526
0,Chimay Red,7.0,0.33,4.39,13.303,0.526
0,Põhjala Välk tölkki,8.0,0.33,5.02,15.212,0.526
0,Original Long Shot Lemon,15.5,0.7,20.64,29.486,0.526
0,Iso-Kallan Pimeyden Morsian Imperial Stout,8.0,0.33,5.03,15.242,0.525
0,Domini Veneti Pruviniano Ripasso Classico Superiore 2019,14.0,0.75,19.99,26.653,0.525
0,Domaine des Tourelles Red 2019,14.0,0.75,19.99,26.653,0.525
0,Xanadu Exmoor Cabernet Sauvignon 2016,14.0,0.75,19.99,26.653,0.525
0,Cossetti La Vigna Vecchia Barbera d'Asti Superiore 2019,14.0,0.75,19.99,26.653,0.525
0,Comboio do Vesuvio 2018,14.0,0.75,19.99,26.653,0.525
0,Malibu,21.0,0.5,19.99,39.98,0.525
0,Marques de Arienzo Reserva 2013,14.0,0.75,19.99,26.653,0.525
0,Muratie Martin Melck Cabernet Sauvignon 2018,14.0,0.75,19.99,26.653,0.525
0,Chaffey Bros Evangeline Eden Valley Syrah 2018,14.0,0.75,19.99,26.653,0.525
0,Errázuriz Max Reserva Cabernet Sauvignon 2014,14.0,1.5,39.98,26.653,0.525
0,Triennes Les Auréliens Blanc 2020,14.0,0.75,19.99,26.653,0.525
0,Gaudium Vinum Galos Pinot Noir Reserve Organic 2019,14.0,0.75,19.99,26.653,0.525
0,United Gypsies Lojo Bock tölkki,7.0,0.33,4.40,13.333,0.525
0,Cathedral Cellar Triptych 2019,14.0,0.75,19.99,26.653,0.525
0,Alta Alella GX 2021,14.0,0.75,19.99,26.653,0.525
0,Himmel Pink Riesling,10.5,0.75,14.99,19.987,0.525
0,Villa Loren Valpolicella Ripasso 2019,14.0,0.75,19.99,26.653,0.525
0,Yalumba Samuel's Collection Barossa Bush Vine Grenache 2019,14.0,0.75,19.99,26.653,0.525
0,Morillon Blanc by Jeff Carrel 2022,14.0,0.75,19.99,26.653,0.525
0,Sovibor Mamoré de Borba Tinto 2019,14.0,0.75,19.99,26.653,0.525
0,Luigi Bosca Cabernet Sauvignon 2019,14.0,0.75,19.99,26.653,0.525
0,Peroni Nastro Azzurro,4.6,0.33,2.89,8.758,0.525
0,Nicosia Frappato 2021,12.5,0.75,17.85,23.8,0.525
0,Gérard Bertrand Hérésie Corbières 2019,14.0,0.75,19.99,26.653,0.525
0,Ferraton Côtes du Rhône Villages 2022,14.0,0.75,19.99,26.653,0.525
0,Salton Evidence Brut,12.0,0.75,17.15,22.867,0.525
0,Erste+Neue Alto Adige Gewürztraminer 2021,14.0,0.75,19.99,26.653,0.525
0,El Pacto 2019,14.0,0.75,19.99,26.653,0.525
0,Cecilia Beretta Valpolicella Superiore Ripasso 2021,13.5,0.75,19.30,25.733,0.525
0,Young's Double Chocolate Stout,5.2,0.5,4.95,9.9,0.525
0,Tutkielma Savu & Ruis Viina,47.2,0.5,44.98,89.96,0.525
0,Domaine de Noiré Elégance Chinon 2018,14.0,0.75,19.99,26.653,0.525
0,Iso-Kallan Vehnäpukki,8.0,0.33,5.03,15.242,0.525
0,Agustinos Gran Terroir Pinot Noir 2019,14.0,0.75,19.99,26.653,0.525
0,Bols Melon,17.0,0.5,16.23,32.46,0.524
0,Geyerhof Stockwerk Grüner Veltliner 2022,12.5,0.75,17.89,23.853,0.524
0,Enate Chardonnay 234 2022,13.5,0.75,19.34,25.787,0.524
0,Glenglassaugh Revival Single Malt,46.0,0.7,61.49,87.843,0.524
0,19 Crimes Snoop Cali Red 2020,12.5,0.75,17.88,23.84,0.524
0,Trapiche Costa y Pampa Sauvignon Blanc 2016,12.5,0.75,17.90,23.867,0.524
0,Etsu Gin,43.0,0.7,57.55,82.214,0.523
0,Agitator Single Malt Whisky Rök,43.0,0.7,57.56,82.229,0.523
0,Agricole Selvi Arrogantone Limited Edition Rosso D´Italia,14.0,0.75,20.08,26.773,0.523
0,Punt e Mes,16.0,0.75,22.95,30.6,0.523
0,Jacob's Creek Double Barrel Chardonnay 2021,13.6,0.75,19.49,25.987,0.523
0,Yellow Rose Premium American,40.0,0.7,53.52,76.457,0.523
0,Arthur Metz Crémant d'Alsace Brut Millésimé 2020,12.5,0.75,17.94,23.92,0.523
0,Graf von Schönborn Riesling Feinherb 2018,11.5,0.75,16.49,21.987,0.523
0,Pizzolato Biologico Prosecco Extra Dry 2022,11.0,0.375,7.89,21.04,0.523
0,Matthias Gaul Sauna Rosé 2022,11.5,0.75,16.49,21.987,0.523
0,Ardbeg Wee Beastie Single Malt,47.4,0.7,63.39,90.557,0.523
0,Schuster Roter Veltliner Vom Löss 2022,12.5,0.75,17.92,23.893,0.523
0,Monopol VSOP muovipullo,40.0,0.35,26.78,76.514,0.523
0,Martell VS Single Distillery,40.0,0.2,15.29,76.45,0.523
0,Pasqua PassioneSentimento Prosecco Rosé Extra Dry 2021,11.0,0.75,15.78,21.04,0.523
0,Crudo Organic Prosecco Extra Dry,11.5,0.75,16.49,21.987,0.523
0,Henri Gaillard Côtes de Provence Rosé 2020,12.5,0.25,5.98,23.92,0.523
0,Château Pey La Tour Réserve du Château 2019,15.0,0.75,21.50,28.667,0.523
0,Georg Müller Rheingau Riesling Trocken 2022,11.5,0.75,16.49,21.987,0.523
0,Lanzerac Cabernet Sauvignon Merlot Petit Verdot 2016,14.0,0.75,20.10,26.8,0.522
0,Peat's Beast Single Malt,46.0,0.7,61.72,88.171,0.522
0,Vinícola de Nulles Parabòlic Blanco 2022,11.0,0.75,15.81,21.08,0.522
0,Nuija Dry Gin 2023,46.0,0.5,44.10,88.2,0.522
0,De Kuyper Sour Apple,15.0,0.5,14.37,28.74,0.522
0,Mattsson Motueka Lager,5.2,0.33,3.29,9.97,0.522
0,Edna Valley Central Coast Chardonnay 2020,13.9,0.75,19.99,26.653,0.522
0,Koskenkorva Mojito,15.0,0.5,14.39,28.78,0.521
0,Franchetto La Capelina Soave Roncà-Monte Calvarina 2021,12.5,0.75,17.98,23.973,0.521
0,Hahn Pinot Noir 2021,14.5,0.75,20.88,27.84,0.521
0,Roche Lacroix Provence Rosé 2022,13.0,0.75,18.73,24.973,0.521
0,Patricius Tokaj Furmint Dry 2021,12.5,0.75,17.98,23.973,0.521
0,Villa Hochdörffer Riesling Kalkstein Trocken 2019,12.5,0.75,17.98,23.973,0.521
0,Mount Riley Sauvignon Blanc 2022,12.5,0.75,17.98,23.973,0.521
0,De Kuyper Sour Rhubarb,15.0,0.5,14.39,28.78,0.521
0,Albert Bichot Coteaux Bourguignons 2021,13.0,0.75,18.73,24.973,0.521
0,Sunny Farm Bubbly White Wine tölkki,11.0,0.25,5.28,21.12,0.521
0,Braunewell Pinot Rose Brut 2019,12.5,0.75,17.98,23.973,0.521
0,Dopff au Moulin Pinot Blanc du Domaine Familial 2021,12.5,0.75,17.98,23.973,0.521
0,Gustave Lorentz Evidence Pinot Blanc Biologique 2020,12.5,0.75,17.98,23.973,0.521
0,Corvers Kauter R3 Rheingau Rosé Remastered Organic Pinot Noir 2021,12.5,0.75,17.98,23.973,0.521
0,Bolla Prosecco Organic Extra Dry,11.0,0.75,15.84,21.12,0.521
0,Pazo de Villarei Albariño 2022,12.5,0.75,17.98,23.973,0.521
0,De Kuyper Crème de Cassis,15.0,0.5,14.39,28.78,0.521
0,Artazuri Rosé Garnacha 2020,12.5,0.75,17.98,23.973,0.521
0,Yali Three Lagoons Gran Reserva Riesling 2021,12.0,0.375,8.64,23.04,0.521
0,Hatozaki Pure Malt,46.0,0.7,61.75,88.214,0.521
0,Pratsch Riesling Ried Heiligenberg 2022,12.5,0.75,17.98,23.973,0.521
0,Francois Martenot Bourgogne Chardonnay Prestige 2018,12.5,0.75,17.98,23.973,0.521
0,Coto de Imaz Reserva 2019,14.0,0.75,20.16,26.88,0.521
0,Ronco delle Betulle Sauvignon 2021,14.0,0.75,20.16,26.88,0.521
0,De Kuyper Pisang,15.0,0.5,14.39,28.78,0.521
0,De Kuyper Butterscotch,15.0,0.5,14.39,28.78,0.521
0,Kyrö Blueberry Long Drink tölkki,5.0,0.33,3.17,9.606,0.521
0,Pannonhalmi Rajnai Rizling 2021,12.5,0.75,17.99,23.987,0.521
0,De Kuyper Mango,15.0,0.5,14.39,28.78,0.521
0,Moon Lark Shelter German Pils tölkki,5.2,0.5,4.99,9.98,0.521
0,Saint Clair Vicar's Choice Sauvignon Blanc Bubbles Brut 2021,12.5,0.75,17.98,23.973,0.521
0,Torres Clos Ancestral Forcada Xarel-lo Organic  2022,12.5,0.75,17.98,23.973,0.521
0,De Kuyper Banana,15.0,0.5,14.39,28.78,0.521
0,Ti Amo Pinot Grigio 2022,12.5,0.75,17.98,23.973,0.521
0,Jean-Baptiste Adam Riesling Terroir Selection 2022,12.5,0.75,17.98,23.973,0.521
0,Mád Furmint 2017,12.5,0.75,17.99,23.987,0.521
0,Polz Spiegel Chardonnay 2021,12.0,0.75,17.27,23.027,0.521
0,To Øl 45 Days Organic Pilsner tölkki,4.7,0.44,3.97,9.023,0.521
0,Braunewell Riesling Sekt Dry 2020,12.5,0.75,17.98,23.973,0.521
0,Becker Roster Weiss 2016,12.5,1.5,35.98,23.987,0.521
0,De Kuyper Wild Strawberry,15.0,0.5,14.39,28.78,0.521
0,Mionetto Vino Biologico Prosecco Extra Dry,11.0,0.75,15.84,21.12,0.521
0,Emil Bauer Wilhelm Rosé 2020,12.5,0.75,18.04,24.053,0.52
0,BlueWhite Pääesiintyjät,43.2,0.5,41.57,83.14,0.52
0,Teeling Cask Strength Pot Still,52.0,0.7,69.98,99.971,0.52
0,Dandelion Vineyard Lionheart of the Barossa Shiraz 2021,14.5,0.75,20.90,27.867,0.52
0,Angostura 1919 Premium Gold Rum,40.0,0.7,53.80,76.857,0.52
0,Quinta do Cachão Red 2020,13.0,0.375,9.38,25.013,0.52
0,Sour Fisk Sour Watermelon,15.0,0.5,14.43,28.86,0.52
0,Carthy and Black Yorkshire Cream Liqueur,17.0,0.5,16.35,32.7,0.52
0,The Whistler P.X. I Love You Single Malt,46.0,0.7,61.98,88.543,0.52
0,Sour Fisk Sour Cola,15.0,0.5,14.43,28.86,0.52
0,Nigl Grüner Veltliner Ried Zwetl 2021,13.5,0.75,19.49,25.987,0.519
0,La Trappe Witte Trappist,5.5,0.33,3.50,10.606,0.519
0,Frontaal For The Love Of Hops Silver Quadrupel IPA tölkki,13.0,0.44,11.03,25.068,0.519
0,Quinta da Fonte Souto Florão Branco 2021,13.5,0.75,19.49,25.987,0.519
0,Villa Sandi Il Fresco Prosecco Bio Brut,11.0,0.75,15.90,21.2,0.519
0,Castel Greve Chianti Classico 2018,13.5,0.75,19.51,26.013,0.519
0,Alpha Estate Malagouzia Turtles Vineyard 2022,13.0,0.75,18.80,25.067,0.519
0,Opland Edel Madeira,41.5,0.5,39.98,79.96,0.519
0,Portal Colheita 2018,13.5,0.75,19.49,25.987,0.519
0,Woodford Reserve Distiller's Select Rye,45.2,0.7,60.98,87.114,0.519
0,Warner`s Lemon Balm Gin,43.0,0.7,57.99,82.843,0.519
0,Carmen Gran Reserva Frida Kahlo Cabernet Sauvignon 2017,13.5,0.75,19.49,25.987,0.519
0,Sol,4.5,0.33,2.86,8.667,0.519
0,Flors Blanques Cava Brut,11.0,0.75,15.90,21.2,0.519
0,Château des Anglades 2022,13.0,0.75,18.80,25.067,0.519
0,Esprit Gassier Organic 2022,13.0,0.75,18.78,25.04,0.519
0,Carmen Gran Reserva Pinot Noir 2021,13.5,0.75,19.49,25.987,0.519
0,Soerlie VSOP,40.0,0.35,26.99,77.114,0.519
0,Laphroaig Quarter Cask Single Malt,48.0,0.7,64.77,92.529,0.519
0,Leffe Blonde,6.6,0.33,4.20,12.727,0.519
0,Hacker-Pschorr Oktoberfest Märzen,5.8,0.33,3.69,11.182,0.519
0,Teerenpeli Woodgin,45.0,0.5,43.38,86.76,0.519
0,Carmen Gran Reserva Chardonnay 2021,13.5,0.75,19.49,25.987,0.519
0,Ciroc Vodka,40.0,0.7,53.98,77.114,0.519
0,Chardonnay de Purcari 2021,13.5,0.75,19.51,26.013,0.519
0,Neiss Cabernet Sauvignon 2019,13.5,0.75,19.49,25.987,0.519
0,Château de Jau Côtes du Roussillon Rosé 2019,13.5,0.75,19.51,26.013,0.519
0,Bertani Valpolicella Ripasso 2020,13.5,0.75,19.49,25.987,0.519
0,Haraszthy Pinot Noir 2019,13.5,0.75,19.50,26.0,0.519
0,Koskenkorva Vodka,40.0,0.04,3.08,77.0,0.519
0,Iso-Kallan Tuco,7.0,0.33,4.45,13.485,0.519
0,Baileys Espresso Créme,17.0,0.7,22.98,32.829,0.518
0,Montes Alpha Cabernet Sauvignon 2018,14.5,0.75,20.98,27.973,0.518
0,Thornbridge Crackendale Citra Pale Ale,5.2,0.5,5.02,10.04,0.518
0,Los Losares 2018,14.5,0.75,20.98,27.973,0.518
0,Kopke Late Bottled Vintage 2016,20.0,0.75,28.98,38.64,0.518
0,Montes Alpha Syrah 2021,14.5,0.75,20.98,27.973,0.518
0,Le Corti Chianti Classico 2022,14.5,0.75,20.98,27.973,0.518
0,Nugan McLaren Parish Vineyard Shiraz 2018,14.5,0.75,20.98,27.973,0.518
0,La Ina Fino Sherry,15.0,0.375,10.86,28.96,0.518
0,Peter Sichel Altura 350 2019,14.0,0.75,20.27,27.027,0.518
0,Monnet VS,40.0,0.2,15.44,77.2,0.518
0,Bründlmayer Grüner Veltliner Hauswein 2022,12.0,0.75,17.39,23.187,0.518
0,Boom Boom Syrah  2019,14.5,0.75,20.98,27.973,0.518
0,Zuccardi Q Cabernet Sauvignon 2014,14.5,0.75,20.98,27.973,0.518
0,Kaiken Ultra Malbec 2020,14.5,0.75,20.98,27.973,0.518
0,Mustan Virran Pistolekors Porter,7.0,0.33,4.46,13.515,0.518
0,Nugan Alfredo Dried Grape Shiraz 2019,14.5,0.75,20.98,27.973,0.518
0,Shaman's Kaffe Coffee Liqueur,16.0,0.2,6.18,30.9,0.518
0,Tornion Original Lapland Lager,5.2,0.33,3.31,10.03,0.518
0,Cono Sur 20 Barrels Limited Edition Pinot Noir 2020,14.5,0.75,20.98,27.973,0.518
0,Chateau Musar Jeune 2020,14.5,0.75,20.98,27.973,0.518
0,Baileys Salted Caramel,17.0,0.7,22.98,32.829,0.518
0,Château de Jau Sans Sulfites Ajoutés 2018,14.0,0.75,20.27,27.027,0.518
0,Grimbergen Double-Ambrée,6.5,0.33,4.15,12.576,0.517
0,Olaf India Pale Ale tölkki,6.0,0.44,5.11,11.614,0.517
0,Luxardo Maraschino Originale,32.0,0.5,30.96,61.92,0.517
0,Hashtag Sauvignon 2020,11.5,0.75,16.68,22.24,0.517
0,Stallhagen Honungsöl Pale Lager,4.7,0.33,3.00,9.091,0.517
0,Renault Blue Nuit VS,40.0,0.2,15.48,77.4,0.517
0,Boutari Naoussa 2020,13.0,0.75,18.85,25.133,0.517
0,Konepaja Rooftop Gin,41.0,0.5,39.62,79.24,0.517
0,Jackson Estate Watercourse Cabernet Merlot Malbec 2020,13.5,0.375,9.80,26.133,0.517
0,Pople Strawberry Ice Cream muovipullo,15.0,0.5,14.50,29.0,0.517
0,Pople Oat Cranberry & Salted Caramel muovipullo,15.0,0.5,14.50,29.0,0.517
0,Hirschmüller Lemberger 2021,13.0,0.75,18.85,25.133,0.517
0,Reguengos Reserva Dos Socios   2020,15.5,0.75,22.49,29.987,0.517
0,Gancia Prosecco Rose Extra Dry 2021,11.0,0.75,15.99,21.32,0.516
0,Kos Anita Brut 2017,13.5,0.75,19.62,26.16,0.516
0,Mud House Riesling 2022,11.0,0.75,15.99,21.32,0.516
0,Humalove Dame Barley English Barleywine,10.5,0.33,6.71,20.333,0.516
0,Montes Alpha Special Cuvée Sauvignon Blanc 2016,13.0,0.75,18.90,25.2,0.516
0,Fernand Engel Gewurztraminer Reserve 2020,13.0,0.75,18.90,25.2,0.516
0,Torraccia del Piantavigna Neb Colline Novaresi Nebbiolo 2020,13.0,0.75,18.90,25.2,0.516
0,Gin Mare,42.7,0.7,57.98,82.829,0.516
0,Terras Gauda O Rosal 2016,12.5,0.75,18.16,24.213,0.516
0,Huyghe Delirium Nocturnum,8.5,0.33,5.44,16.485,0.516
0,Aberlour A'Bunadh Alba Single Malt,62.7,0.7,84.99,121.414,0.516
0,Rocca 8 Secco Rosé Prosecco Extra Dry 2022,11.0,0.75,15.98,21.307,0.516
0,Diamantopetra Syrah Mandilaria 2016,13.0,0.75,18.90,25.2,0.516
0,Rocca 8 Secco Prosecco Extra Dry 2022,11.0,0.75,15.99,21.32,0.516
0,Vuona Dry Gin,47.0,0.5,45.54,91.08,0.516
0,Meinklang Pet Nat,11.0,0.75,15.98,21.307,0.516
0,Lepaan Lämmin 2019,11.0,0.75,15.98,21.307,0.516
0,José Pariente Varietal Verdejo 2022,13.0,0.75,18.90,25.2,0.516
0,1731 Fine & Rare Panama 6 Years Old,46.0,0.7,62.45,89.214,0.516
0,Kyrö Pink Gin,38.2,0.5,36.99,73.98,0.516
0,Top Fuel High Octane Imperial Stout,10.0,0.33,6.39,19.364,0.516
0,Gillardi Dogliani Cursalet 2019,14.0,0.75,20.33,27.107,0.516
0,Bache-Gabrielsen Suomi 1917-2017,40.0,0.7,54.42,77.743,0.515
0,Roger Goulart Millésimé Cava Brut 2021,12.0,0.75,17.48,23.307,0.515
0,Sori Honesty Is Ryediculously Delicious Rye IPA tölkki,7.0,0.44,5.98,13.591,0.515
0,Põhjala Must Kuld Porter,7.8,0.33,5.00,15.152,0.515
0,Masaki Yamadanishiki Junmai Genshu Sake,18.0,0.3,10.48,34.933,0.515
0,Velkopopovický Kozel Dark,3.8,0.5,3.69,7.38,0.515
0,Dautel Riesling 2022,12.0,0.75,17.48,23.307,0.515
0,Roger Goulart Cava Millésimé Demi Sec 2020,12.0,0.75,17.48,23.307,0.515
0,Tooth & Claw One Eye IPA tölkki,7.0,0.44,5.98,13.591,0.515
0,Maku Tila Vahva Maalaisolut tölkki,6.8,0.33,4.36,13.212,0.515
0,Bernard-Massard Auxerrois Grand Premier Cru 2021,12.0,0.75,17.48,23.307,0.515
0,Roger Goulart Coral Rosé Cava Brut 2021,12.0,0.75,17.48,23.307,0.515
0,Agricole Selvi Arrogantone Limited Edition Primitivo Appassimento 2018,15.5,0.75,22.57,30.093,0.515
0,Bernard-Massard Cuvée de l'Ecusson Magnum Brut,12.0,1.5,34.99,23.327,0.514
0,Grappa di Monovitigno Cabernet,40.0,0.5,38.90,77.8,0.514
0,Harviestoun Schiehallion Craft Lager,4.8,0.5,4.67,9.34,0.514
0,Santomè Pinot Grigio 2021,13.0,0.75,18.98,25.307,0.514
0,Innis & Gunn Caribbean Rum Cask,6.8,0.33,4.37,13.242,0.514
0,Somersby Apple Cider,4.5,0.33,2.89,8.758,0.514
0,Somersby Pear Cider,4.5,0.33,2.89,8.758,0.514
0,Cragganmore 12 Year Old Single Malt,40.0,0.7,54.49,77.843,0.514
0,Lindauer Special Reserve Rose Brut,12.0,0.75,17.50,23.333,0.514
0,Kosoolan Panimo Pohjoisen Jättiläinen,12.0,0.33,7.71,23.364,0.514
0,Somersby Blackberry,4.5,0.33,2.89,8.758,0.514
0,Txomin Etxaniz Txakoli 2022,12.0,0.75,17.50,23.333,0.514
0,Grey Goose Vodka,40.0,0.7,54.45,77.786,0.514
0,Oath Gin,42.7,0.5,41.50,83.0,0.514
0,Nekeas Forever Yours 2017,14.0,0.75,20.45,27.267,0.513
0,French Beaches Electric Rosé 2020,12.5,0.75,18.27,24.36,0.513
0,Les Affranchis Cuvée Urbaine 2019,13.0,0.75,18.99,25.32,0.513
0,La Trentina Grappa Morbida Barrique,41.0,0.7,55.99,79.986,0.513
0,Pocas Tinto 2021,13.0,0.75,18.99,25.32,0.513
0,Blue Nun Gold Edition,11.0,0.2,4.29,21.45,0.513
0,Hochriegel Happy Birthday Trocken,11.5,0.75,16.82,22.427,0.513
0,Maker's Mark 46,47.0,0.7,64.07,91.529,0.513
0,Gran Feudo Moscatel 2015,12.0,0.375,8.78,23.413,0.513
0,Château des Poupets Juliénas 2021,13.0,0.75,18.99,25.32,0.513
0,Victor Gontier Domfrontais Calvados 2004,40.0,0.5,38.99,77.98,0.513
0,Paolo Scavino Vino Rosso 2019,13.5,0.75,19.72,26.293,0.513
0,Weingut am Stein Gutssilvaner 2020,11.5,0.75,16.80,22.4,0.513
0,Albet I Noya Can Vendrell Estate Brut Reserva Organic 2021,11.5,0.75,16.80,22.4,0.513
0,Viña los Valles Reserva 2014,14.0,0.75,20.48,27.307,0.513
0,Keya Bardolino Chiaretto Classico 2021,13.0,0.75,18.99,25.32,0.513
0,Fitapreta Branco 2018,13.0,0.75,18.99,25.32,0.513
0,Prince Hubert de Polignac VSOP,40.0,0.7,54.53,77.9,0.513
0,Freixenet Cordon Negro Cava Brut,11.5,0.2,4.48,22.4,0.513
0,Thistly Cross Original Scottish Cider tölkki,6.2,0.33,3.99,12.091,0.513
0,Jakob Jung Riesling Classic 2022,11.5,0.75,16.82,22.427,0.513
0,Terre del Barolo Nebbiolo d'Alba Biologico 2019,13.0,0.75,18.99,25.32,0.513
0,Jaume Serra Cava Brut Nature,11.5,0.2,4.48,22.4,0.513
0,Golpe Reserva 2021,13.0,0.75,18.99,25.32,0.513
0,Sorrentino Vesuvio Rosso 2020,12.5,0.75,18.27,24.36,0.513
0,EMK Vedaholm Riesling 2022,10.5,0.75,15.35,20.467,0.513
0,Highland Park Cask Strength Release No. 4 Single Malt,64.3,0.7,87.76,125.371,0.513
0,Diemersdal Estate Sauvignon Blanc Reserve 2021,13.5,0.75,19.77,26.36,0.512
0,Cecilia Beretta Freeda Rosé 2022,12.5,0.75,18.31,24.413,0.512
0,Sierra Nevada Barrel-Aged Narwhal tölkki,11.9,0.473,10.99,23.235,0.512
0,Domaine Alloïs Infiniment Rouge 2021,14.0,0.75,20.49,27.32,0.512
0,Chivite Las Fincas Rosado 2021,13.5,0.75,19.79,26.387,0.512
0,Weemala Shiraz Viognier 2016,13.5,0.75,19.77,26.36,0.512
0,La Herencia De Sanchez Espadin Joven Mezcal,42.0,0.7,57.39,81.986,0.512
0,Nals Margreid Kalk Chardonnay 2022,14.0,0.75,20.49,27.32,0.512
0,Jackson Estate Vintage Widow Pinot Noir 2018,13.5,0.75,19.79,26.387,0.512
0,Leffe Brune,6.5,0.33,4.19,12.697,0.512
0,Arctic Blue Laku,21.0,0.5,20.49,40.98,0.512
0,La Casa di Roberta Valpolicella Ripasso Organic 2019,13.5,0.75,19.79,26.387,0.512
0,Hilla Salmiakkilikööri,21.0,0.5,20.49,40.98,0.512
0,Ortega Ezquerro Reserva Vino de Tudelilla 2017,14.0,0.75,20.49,27.32,0.512
0,Hewitson Ned & Henry's Shiraz 2015,14.0,0.75,20.50,27.333,0.512
0,Lapostolle Cuvée Alexandre Chardonnay 2019,14.5,0.75,21.27,28.36,0.511
0,Zuccardi Q Chardonnay 2015,13.5,0.75,19.82,26.427,0.511
0,RubyBlue Chilli Pepper,17.0,0.5,16.64,33.28,0.511
0,Benufet Garnatxa Blanca 2022,13.5,0.75,19.82,26.427,0.511
0,Clynelish 14 Year Old Single Malt,46.0,0.7,62.99,89.986,0.511
0,Ferrand 10 Generations,46.0,0.5,44.99,89.98,0.511
0,The English Smokey Single Malt,43.0,0.7,58.89,84.129,0.511
0,Cantina Tombacco Biferno Rosso Riserva 2014,14.0,0.75,20.56,27.413,0.511
0,Gomez Cruzado Vendemmia Seleccionada 2020,14.5,0.75,21.28,28.373,0.511
0,Poggiotondo Toscana Rosato Organic 2020,13.5,0.75,19.82,26.427,0.511
0,Sori Batch no. 666,12.3,0.33,7.94,24.061,0.511
0,Plan B Riesling 2022,11.5,0.75,16.89,22.52,0.511
0,Domaine des Geais 2019,13.0,0.5,12.71,25.42,0.511
0,1000 Lakes Barrel Aged Navy Strength Gin,57.0,0.5,55.75,111.5,0.511
0,1689 Dutch Dry Gin,42.0,0.7,57.58,82.257,0.511
0,Espera Arinto & Fernão Pires 2017,13.5,0.75,19.87,26.493,0.51
0,Ron Matusalem Gran Reserva Solera 15,40.0,0.7,54.90,78.429,0.51
0,Maku Imperial Stout tölkki,10.0,0.33,6.47,19.606,0.51
0,Kopparberg Pear Cider Light tölkki,4.5,0.44,3.88,8.818,0.51
0,Mural de Favaios,17.0,0.375,12.49,33.307,0.51
0,Yalumba Sanctum Cabernet Sauvignon 2019,13.5,0.75,19.89,26.52,0.509
0,Ribeiro Santo Encruzado 2021,13.5,0.75,19.89,26.52,0.509
0,Schlossbräu Kellerbier,5.0,0.5,4.91,9.82,0.509
0,Pongrácz Méthode Cap Classique Rosé Brut,12.0,0.75,17.69,23.587,0.509
0,Ocho Blanco Mesa Colorada Tequila 2023,40.0,0.5,39.33,78.66,0.509
0,Lurton Cuesta de Oro 2021,13.5,0.75,19.89,26.52,0.509
0,Corvezzo Organic Prosecco Demi-Sec,9.5,0.75,13.99,18.653,0.509
0,Christian Drouin Le Domfrontais Calvados,40.0,0.7,55.00,78.571,0.509
0,De Heidebrouwerij BijenBlond,6.2,0.33,4.02,12.182,0.509
0,Tia Maria Cold Brew,20.0,0.7,27.49,39.271,0.509
0,Petaluma Hanlin Hill Riesling 2021,13.5,0.75,19.89,26.52,0.509
0,Vallein Tercinier VSOP,40.0,0.7,54.98,78.543,0.509
0,Grans-Fassian Flussterrassen Riesling 2022,11.5,0.75,16.99,22.653,0.508
0,Pratsch Rosé 2022,11.5,0.75,16.99,22.653,0.508
0,Navarro Premium Rosso Vermouth,15.0,0.5,14.77,29.54,0.508
0,That Boutique-y Gin Company Strawberry & Balsamico Gin,40.1,0.5,39.50,79.0,0.508
0,Pazo de Monterrey Mencía 2020,13.5,0.75,19.95,26.6,0.508
0,Tappara Estenas Cava Brut Nature 2018,11.5,0.75,16.99,22.653,0.508
0,Thatchers Green Goblin,5.0,0.5,4.92,9.84,0.508
0,Prinz Von Hessen Riesling Feinherb 2021,11.5,0.75,16.99,22.653,0.508
0,Val d'Oca Prosecco Superiore Millesimato Extra Dry 2022,11.5,0.75,16.99,22.653,0.508
0,Smeaton's Bristol Method Dry Gin,45.0,0.7,62.00,88.571,0.508
0,Himmel Riesling Feinherb 2022,10.5,0.75,15.50,20.667,0.508
0,Parés Baltà Pink Organic Cava Brut,11.5,0.75,16.99,22.653,0.508
0,Glitter Fisk Gold,15.0,0.7,20.68,29.543,0.508
0,Fogt Onkel Doktor Scheurebe Riesling 2022,11.5,0.75,16.99,22.653,0.508
0,Dreissigacker Organic Riesling 2022,11.5,0.75,16.99,22.653,0.508
0,Kimito RyeWine,9.5,0.33,6.17,18.697,0.508
0,Sahti 2023 tölkki,9.0,0.33,5.85,17.727,0.508
0,Cason Brusa Prosecco Extra Dry,11.5,0.75,16.99,22.653,0.508
0,Kakheti Co. Saperavi Qvevri 2019,13.5,0.75,19.93,26.573,0.508
0,That Boutique-y Gin Company Spit-Roasted Pineapple Gin,40.1,0.5,39.50,79.0,0.508
0,Fat Lizard 254 California Redwood IPA tölkki,6.3,0.44,5.46,12.409,0.508
0,Parés Baltà Honeymoon Organic 2021,11.5,0.75,16.99,22.653,0.508
0,Massenez Crème de Mûre,20.0,0.35,13.79,39.4,0.508
0,Tyto Alba 2019,14.0,0.75,20.66,27.547,0.508
0,Cason Brusa Prosecco Rosè Extra Dry 2022,11.5,0.75,16.99,22.653,0.508
0,Snabba Cash by Jens Lapidus Organic Reserva Cava Brut,11.5,0.75,16.99,22.653,0.508
0,Tommasi Le Fornaci Lugana 2022,12.5,0.75,18.48,24.64,0.507
0,Lionel Osmin & Cie Coeur de Malbec Cahors 2020,13.5,0.75,19.99,26.653,0.507
0,Bread & Butter Pinot Noir 2021,13.5,0.75,19.99,26.653,0.507
0,Domaine Du Petit Clocher Rosé d'Anjou 2022,11.0,0.75,16.26,21.68,0.507
0,Freiherr Von Göler Pinot Noir Trocken 2020,12.5,0.75,18.50,24.667,0.507
0,Ciavolich Montepulciano d'Abruzzo 2022,13.5,0.75,19.99,26.653,0.507
0,Altos Las Hormigas Terroir Luján de Cuyo 2017,13.5,0.75,19.99,26.653,0.507
0,Bread & Butter Chardonnay 2022,13.5,0.75,19.99,26.653,0.507
0,Cantina Tramin Alto Adige Chardonnay 2022,13.5,0.375,9.98,26.613,0.507
0,Becker Pinot Noir 2020,13.5,0.75,19.99,26.653,0.507
0,A.A Badenhorst Secateurs Chenin Blanc 2021,13.5,0.75,19.99,26.653,0.507
0,Josep Foraster Petita Julieta Blanc 2020,13.0,0.75,19.22,25.627,0.507
0,Chateau Chizay Cuvée Red 2019,13.5,0.75,19.99,26.653,0.507
0,Château du Moulin Noir Lussac-Saint-Emilion 2012,13.5,0.75,19.99,26.653,0.507
0,Hinch Peated Single Malt,43.0,0.7,59.40,84.857,0.507
0,Antiche Terre Ripasso Mezzo Monte Organic 2020,13.5,0.75,19.99,26.653,0.507
0,Muratie Stellenbosch Isabella Chardonnay 2021,13.5,0.75,19.99,26.653,0.507
0,Verrocchio Valpolicella Ripasso Superiore 2019,13.5,0.375,9.99,26.64,0.507
0,Church Road McDonald Series Chardonnay 2021,13.5,0.75,19.99,26.653,0.507
0,Mullineux Kloof Street Rouge 2020,13.5,0.75,19.99,26.653,0.507
0,Banfi Chianti Superiore 2021,13.5,0.75,19.99,26.653,0.507
0,Catena Malbec 2020,13.5,0.75,19.99,26.653,0.507
0,Erste+Neue Alto Adige Chardonnay 2021,13.5,0.75,19.99,26.653,0.507
0,Muré Orchidées Sauvages Gewurztraminer 2022,13.5,0.75,19.99,26.653,0.507
0,Cline Sauvignon Blanc 2022,13.5,0.75,19.99,26.653,0.507
0,Wente Morning Fog Chardonnay 2021,13.5,0.75,19.99,26.653,0.507
0,Tuori Honey Moonshine,40.0,0.5,39.44,78.88,0.507
0,Steininger Sauvignon Blanc 2021,12.5,0.75,18.48,24.64,0.507
0,Domain Road Bannockburn Pinot Noir 2018,13.5,0.75,19.98,26.64,0.507
0,Glenglassaugh Torfa Single Malt,50.0,0.7,68.99,98.557,0.507
0,T.H. Chardonnay 2019,13.5,0.75,19.99,26.653,0.507
0,Ilramato Pinot Grigio 2021,13.5,0.75,19.99,26.653,0.507
0,Villa Maria Earthgarden Pinot Gris  2021,13.5,0.75,19.99,26.653,0.507
0,Cortes de Cima Dois Terroirs 2017,13.5,0.75,19.99,26.653,0.507
0,Noble Vines 667 Pinot Noir 2020,13.5,0.75,19.99,26.653,0.507
0,Altos Las Hormigas Clásico Malbec 2020,13.5,0.75,19.99,26.653,0.507
0,Calvet Réserve des Remparts Saint-Emilion 2020,13.5,0.75,19.99,26.653,0.507
0,Mud House Woolshed Vineyard Sauvignon Blanc  2022,13.5,0.75,19.99,26.653,0.507
0,Casa Emma Rosa Organic 2021,13.5,0.75,19.99,26.653,0.507
0,Cedro Chianti Rufina 2019,13.5,0.75,19.99,26.653,0.507
0,Cortes de Cima Chamine Vinho Tinto  2018,13.5,0.75,19.99,26.653,0.507
0,Pedra a Pedra Branco 2020,12.5,0.75,18.50,24.667,0.507
0,Creation Viognier 2020,13.5,0.75,19.99,26.653,0.507
0,Steininger Reserve Ried Loisium Grüner Veltliner 2021,13.5,0.75,19.99,26.653,0.507
0,Les Abeilles De Colombo Côtes Du Rhône Rouge 2019,13.5,0.75,19.99,26.653,0.507
0,Conde Vimioso Sommelier Edition Red 2021,13.5,0.75,19.99,26.653,0.507
0,Lagoalva Reserva Tinto 2019,13.5,0.75,19.99,26.653,0.507
0,Nivarius Fermentado en Barrica 2019,13.5,0.75,19.99,26.653,0.507
0,Erste+Neue Südtirol-Alto Adige Pinot Bianco 2021,13.5,0.75,19.99,26.653,0.507
0,Fat Lizard In Jail Monopoly IPA tölkki,6.5,0.44,5.65,12.841,0.506
0,Train Station Dark Side Barley Wine,9.0,0.33,5.87,17.788,0.506
0,Signe Vignerons Secrets de Granit Chiroubles  2021,12.5,0.75,18.52,24.693,0.506
0,Erasmo 2015,14.5,0.75,21.48,28.64,0.506
0,Ullins Bittersweet Longshot muovipullo,35.0,0.1,6.92,69.2,0.506
0,Gonzalez Byass Cristina Sherry,17.5,0.375,12.98,34.613,0.506
0,Villa Maria EarthGarden Organic Sauvignon Blanc 2021,13.5,0.375,10.00,26.667,0.506
0,Merul Mavrud Reserva 2016,14.5,0.75,21.51,28.68,0.506
0,Pheasant's Sail Pinot Noir 2020,13.0,0.75,19.28,25.707,0.506
0,Zukunftsweine Muscaris 2021,11.5,0.75,17.06,22.747,0.506
0,Koskenkorva Pure Strawberry Lime tölkki,5.5,0.33,3.59,10.879,0.506
0,Koskenkorva Pure Raspberry Lemon tölkki,5.5,0.33,3.59,10.879,0.506
0,Condado de Haza Crianza 2019,14.5,0.75,21.49,28.653,0.506
0,Efes Pilsener,5.0,0.5,4.94,9.88,0.506
0,Sagrado Reserva 2016,14.0,0.75,20.76,27.68,0.506
0,Tuori Gin,40.0,0.5,39.57,79.14,0.505
0,Evan Williams Single Barrel Vintage Bourbon 2014,43.3,0.7,59.99,85.7,0.505
0,JP. Chenet Ice Edition Rosé Demi-Sec,11.0,0.2,4.36,21.8,0.505
0,Zerbina Bianco di Ceparano 2021,12.0,0.75,17.81,23.747,0.505
0,Zetian Tempranillo Ecologico 2020,13.0,0.75,19.32,25.76,0.505
0,Kyrö Dark Rye Bitter,33.0,0.5,32.67,65.34,0.505
0,Trenz Basic 22 Riesling 2022,12.5,0.75,18.55,24.733,0.505
0,Alahovin Mesimarja Vodka,38.0,0.2,15.04,75.2,0.505
0,Innis & Gunn The Original,6.6,0.33,4.31,13.061,0.505
0,Ukiyo Japanese Yuzu Gin,40.0,0.7,55.50,79.286,0.505
0,Apteekkarin Cognac VSOP Organic,40.0,0.5,39.64,79.28,0.505
0,Zisola Azisa Bianco 2021,13.0,0.75,19.32,25.76,0.505
0,Tuori Akvavit,40.0,0.5,39.57,79.14,0.505
0,Pyynikin Recycled Citrus Gin,40.0,0.5,39.61,79.22,0.505
0,Ukiyo Japanese Blossom Gin,40.0,0.7,55.50,79.286,0.505
0,Nadal Reserva Corpinnat Brut,12.0,0.75,17.81,23.747,0.505
0,Yellowstone Select,46.5,0.7,64.44,92.057,0.505
0,Milestii Mici Univers Sauvignon Blanc 2021,13.0,0.75,19.36,25.813,0.504
0,Patrón Silver Tequila,40.0,0.7,55.60,79.429,0.504
0,Courvoisier VSOP,40.0,0.7,55.57,79.386,0.504
0,Lignell & Piispanen Mesimarja,27.5,0.35,19.10,54.571,0.504
0,Can Ràfols dels Caus Petit Caus Rosé 2018,12.0,0.75,17.85,23.8,0.504
0,Etz Chardonnay Ried Bleckenweg 2017,13.5,0.75,20.08,26.773,0.504
0,Freesoul Organic Prosecco Brut,11.0,0.375,8.18,21.813,0.504
0,Moersleutel Could You Pass Me The Kaasschaaf tölkki,8.0,0.44,6.99,15.886,0.504
0,Helsinki Long Drink Gin & Pink Grapefruit,5.5,0.33,3.60,10.909,0.504
0,Shao Xing Hua Tiao,17.0,0.75,25.32,33.76,0.504
0,Tomintoul 10 Year Old Single Malt,40.0,0.7,55.54,79.343,0.504
0,Glenmorangie The Original 10 Year Old Single Malt,40.0,0.7,55.59,79.414,0.504
0,Chateau Breillan 2019,13.5,0.75,20.08,26.773,0.504
0,Mommessin Morgon Côte du Py 2022,14.0,0.75,20.88,27.84,0.503
0,Stone Tangerine Express Hazy IPA tölkki,6.7,0.355,4.73,13.324,0.503
0,Kimito 300 Triple,9.0,0.33,5.90,17.879,0.503
0,Feiler-Artinger Zweigelt 2021,12.0,0.75,17.90,23.867,0.503
0,St. Bernardus Pater 6,6.7,0.33,4.40,13.333,0.503
0,Dorigo Ribolla Gialla 2021,12.5,0.75,18.62,24.827,0.503
0,Maku Brewing West Coast IPA tölkki,6.0,0.33,3.94,11.939,0.503
0,O.P. Anderson Aquavit,40.0,0.05,3.98,79.6,0.503
0,Château de Riquewihr les Maquisards Pinot Gris 2019,13.0,0.75,19.38,25.84,0.503
0,Domaine de l'Amauve Les Merrelies Côtes-du-Rhône Villages Séguret 2020,15.5,0.375,11.55,30.8,0.503
0,Kopparberg Pear Cider tölkki,4.5,0.44,3.94,8.955,0.503
0,Gysler Sandstein Riesling Trocken 2021,11.0,0.75,16.40,21.867,0.503
0,Junimperium Summer Edition,43.0,0.7,59.99,85.7,0.502
0,Gwynt y Ddraig Black Dragon,6.5,0.5,6.48,12.96,0.502
0,Harahorn Norwegian Small Batch Pink Gin,40.0,0.5,39.84,79.68,0.502
0,Dalwhinnie 15 Year Old Single Malt,43.0,0.7,59.98,85.686,0.502
0,HXM Royal Crémant Riesling Brut,12.0,0.75,17.98,23.973,0.501
0,Shepherd Neame Master Brew,4.0,0.5,3.99,7.98,0.501
0,Schloss Reinhartshausen Riesling Trocken 2018,12.0,0.75,17.98,23.973,0.501
0,Thörle Riesling 2021,12.0,0.75,17.98,23.973,0.501
0,Thill's Riesling 2021,12.0,0.75,17.98,23.973,0.501
0,Geyerhof StockWerk Zweigelt 2020,12.0,0.75,17.98,23.973,0.501
0,Beefeater London Dry Gin muovipullo,40.0,0.05,3.99,79.8,0.501
0,Bruno Murciano & Co Pieles Doradas 2019,13.0,0.75,19.48,25.973,0.501
0,Domaine Ste Michelle Brut,12.0,0.75,17.96,23.947,0.501
0,Signature de Colmar Pinot Blanc 2021,12.0,0.375,8.98,23.947,0.501
0,Bernard-Massard Chardonnay Brut,12.0,0.75,17.98,23.973,0.501
0,Heinrich Naked Red 2018,12.0,0.75,17.98,23.973,0.501
0,Villa Maria Private Bin Riesling 2021,12.0,0.75,17.98,23.973,0.501
0,Loimer Lois Grüner Veltliner 2022,12.0,0.75,17.98,23.973,0.501
0,Lindauer Special Reserve Brut,12.0,0.75,17.98,23.973,0.501
0,To Øl Coco Fresco India Pale Ale tölkki,7.0,0.44,6.15,13.977,0.501
0,Domäne Wachau Riesling Federspiel Terrassen 2022,12.0,0.75,17.98,23.973,0.501
0,Poli Po'di Aromatica Grappa,40.0,0.7,55.89,79.843,0.501
0,Wolfberger (W) Crémant d’Alsace Organic Brut,12.0,0.75,17.98,23.973,0.501
0,Pra' Otto 2022,12.0,0.75,17.98,23.973,0.501
0,Råstoff Pure Liquorice,16.4,0.7,22.90,32.714,0.501
0,Galil Mountain Cabernet Sauvignon 2022,14.0,0.75,20.98,27.973,0.5
0,V8+ Sior Sandro Prosecco Extra Dry,11.0,0.75,16.50,22.0,0.5
0,Casa Canevel Prosecco Rosé Brut 2021,11.0,0.75,16.49,21.987,0.5
0,Galil Mountain Syrah 2022,14.0,0.75,20.98,27.973,0.5
0,W/Gin,42.0,0.5,41.99,83.98,0.5
0,Casa Canevel Prosecco Brut 2020,11.0,0.75,16.49,21.987,0.5
0,Banfi Grappa di Brunello,45.0,0.7,62.99,89.986,0.5
0,Tenuta Ferrante Mantocà Pecorino  2022,13.5,0.75,20.27,27.027,0.5
0,Lebenshilfe Dürkheimer Feuerberg Riesling Halbtrocken 2021,11.0,1.0,21.98,21.98,0.5
0,Tenuta Marsiliana Birillo 2020,14.0,0.75,20.98,27.973,0.5
0,Hewitson Madame M Blanc & Blanc 2021,11.0,0.75,16.49,21.987,0.5
0,Kakheti Bedoba Saperavi 2021,13.5,0.75,20.27,27.027,0.5
0,Vieil Armand Riesling Grand Cru Ollwiller 2020,13.0,0.75,19.49,25.987,0.5
0,Merlet C2 Café Liqueur,33.0,0.7,46.24,66.057,0.5
0,1800 Reposado Tequila,38.0,0.7,53.19,75.986,0.5
0,H by Hine VSOP,40.0,0.7,55.98,79.971,0.5
0,Hiruzta Txakolina 2021,12.0,0.75,17.99,23.987,0.5
0,Montes Alpha Pinot Noir 2022,14.0,0.75,20.98,27.973,0.5
0,Monkey 47 Schwarzwald Dry Gin,47.0,0.5,47.00,94.0,0.5
0,Entre Vinyes Oniric Rosat 2022,11.0,0.75,16.49,21.987,0.5
0,Vall Dolina Bivac 2022,12.0,0.75,17.99,23.987,0.5
0,Plantation Panama Vintage 2010,51.4,0.7,71.95,102.786,0.5
0,Quinta do Pégo Late Bottled Vintage Port 2019,20.0,0.75,29.99,39.987,0.5
0,Achel Blond,8.0,0.33,5.29,16.03,0.499
0,HIISI Homunculus Lupus Imperial IPA,8.0,0.33,5.29,16.03,0.499
0,Pasqua 11 Minutes Rosé 2022,12.5,0.75,18.80,25.067,0.499
0,Tuju Vuohineuvos Heller Bock tölkki,6.8,0.44,5.99,13.614,0.499
0,Quinta da Boa Esperança Arinto 2021,13.5,0.75,20.28,27.04,0.499
0,Jules du Souzy Roche Bleue Côte de Brouilly 2022,13.5,0.75,20.29,27.053,0.499
0,Briza del Mar Selecció Cava Brut Rosé 2021,11.5,0.75,17.28,23.04,0.499
0,Destalo Vinho Verde Alvarinho,12.5,0.75,18.80,25.067,0.499
0,Peter Lehmann Layers White 2021,11.5,0.75,17.29,23.053,0.499
0,Arnaldo Caprai Montefalco Rosso 2020,14.5,0.75,21.80,29.067,0.499
0,Formigo Blanco 2018,12.0,0.75,18.05,24.067,0.499
0,Hoppa Extra Pils tölkki,5.9,0.33,3.91,11.848,0.498
0,Mallassepät Double Banger NEDIPA tölkki,8.0,0.33,5.30,16.061,0.498
0,Dupont Moinette Blonde,8.5,0.75,12.80,17.067,0.498
0,Piersanti Ciao Verdicchio 2022,14.5,0.75,21.82,29.093,0.498
0,Thornbridge Jaipur IPA,5.9,0.33,3.91,11.848,0.498
0,Nøgne Ø Robust Porter,7.0,0.5,7.04,14.08,0.497
0,Escudo Rojo Reserva Chardonnay 2020,13.5,0.75,20.39,27.187,0.497
0,Teerenpeli Single Hop Stouter,6.0,0.33,3.98,12.061,0.497
0,Villa Yustina Rose Brut 2017,13.0,0.75,19.61,26.147,0.497
0,Château de Montfaucon La Côte Côtes du Rhône 2019,14.5,0.75,21.90,29.2,0.497
0,Jackson Estate Stich Sauvignon Blanc 2021,13.0,0.375,9.80,26.133,0.497
0,Podere Ruggeri Corsini Rosin Rosato 2021,13.0,0.75,19.62,26.16,0.497
0,Big Belly Liquid Desserts 11 Caribbean Coffeecake Tonka Stout,11.0,0.33,7.31,22.152,0.497
0,Menabrea Bionda,4.8,0.33,3.19,9.667,0.497
0,Rippa Dorii Crianza 2020,14.5,0.75,21.88,29.173,0.497
0,Tarón Reserva 2015,13.5,0.75,20.37,27.16,0.497
0,Bock's Doppelbock,7.5,0.33,4.98,15.091,0.497
0,Tampere-London Dry Gin,47.0,0.5,47.35,94.7,0.496
0,Inchmurrin 12 Year Old Single Malt,46.0,0.7,64.87,92.671,0.496
0,Hiisi Ikiiurso Bourbon Barrel Aged Imperial Stout,12.0,0.33,7.99,24.212,0.496
0,Panimoyhtiö X Marras Imperial Stout,9.0,0.33,5.99,18.152,0.496
0,Nordfors & Friends Omena-Raparperi,5.5,0.275,3.05,11.091,0.496
0,Inchmoan 12 Year Old Single Malt,46.0,0.7,64.87,92.671,0.496
0,Glencadam 10 Year Old Single Malt,46.0,0.7,64.95,92.786,0.496
0,Huber Grüner Veltliner Terrassen 2022,12.5,0.75,18.90,25.2,0.496
0,Cooney´s Irish Cider tölkki,4.5,0.44,3.99,9.068,0.496
0,Williams Elegant 48 Gin,48.0,0.7,67.72,96.743,0.496
0,Weingut Winter Riesling Trocken 2022,12.5,0.75,18.90,25.2,0.496
0,KWV Cuvée Rosé,7.0,0.75,10.59,14.12,0.496
0,Bumbu XO,40.0,0.7,56.48,80.686,0.496
0,Ramos Pinto Late Bottled Vintage Port 2018,19.5,0.75,29.48,39.307,0.496
0,Woodford Reserve Distiller's Select,43.2,0.7,60.98,87.114,0.496
0,Baron de Ley Reserva Organic 2019,14.5,0.75,21.99,29.32,0.495
0,Rocca delle Macie Sant'Alfonso Chianti Classico 2020,14.5,0.75,21.98,29.307,0.495
0,Savon Kyynel Kilju,14.0,0.5,14.15,28.3,0.495
0,Glenfarclas 10 Year Old Single Malt,40.0,0.7,56.56,80.8,0.495
0,Tour des Gendres Cuvée des Conti 2019,14.0,0.75,21.23,28.307,0.495
0,Matsu El Recio 2021,14.5,0.75,21.99,29.32,0.495
0,D'Arenberg The Bonsai Vine 2017,14.5,0.75,21.99,29.32,0.495
0,Plantation Venezuela 2010,52.0,0.7,73.50,105.0,0.495
0,Highland Park 12 Year Old Single Malt,40.0,0.7,56.59,80.843,0.495
0,Dominio del Soto Tempranillo 2018,14.5,0.75,21.99,29.32,0.495
0,Olutpaja Vasen Ranta IPA,6.5,0.5,6.56,13.12,0.495
0,Stephane Ogier Le Temps Est Venu 2021,14.5,0.75,21.99,29.32,0.495
0,Mallaskoski Pinterial Stout Please,9.0,0.33,6.00,18.182,0.495
0,Demuerte Gold 2018,14.5,0.75,21.97,29.293,0.495
0,Chateau Smith Cabernet Sauvignon 2018,14.5,0.75,21.99,29.32,0.495
0,Braun Cabernet Sauvignon 2019,13.5,0.75,20.48,27.307,0.494
0,Hernö Gin,40.5,0.5,40.98,81.96,0.494
0,Arctic Blue Gin Rose,37.5,0.5,37.99,75.98,0.494
0,Barbuntin Albariño 2022,12.5,0.75,18.99,25.32,0.494
0,Chateau Ste Michelle Syrah 2020,13.5,0.75,20.48,27.307,0.494
0,Mastroberardino Fiano di Avellino 2022,12.5,0.75,18.98,25.307,0.494
0,Vignalucis Castelmarino Vermentino 2021,12.5,0.75,18.99,25.32,0.494
0,Le Mandolare Soave Classico Menini 2021,12.5,0.75,18.99,25.32,0.494
0,Philipp Kuhn Gewürztraminer Tradition 2021,12.5,0.75,18.99,25.32,0.494
0,The Great Wave Sauvignon Blanc 2022,12.5,0.75,18.98,25.307,0.494
0,Mallassepät Double or Nothing DDH DIPA tölkki,7.5,0.33,5.01,15.182,0.494
0,Terra Madre Plavac Mali Barrique 2018,14.0,0.75,21.25,28.333,0.494
0,Cantina Tramin Cuvee T Rosso 2020,12.5,0.75,18.99,25.32,0.494
0,Bruder Dr. Becker Gewürztraminer Feinherb 2021,12.0,0.75,18.21,24.28,0.494
0,Perelada Només Garnatxa Blanca 2022,12.5,0.75,18.99,25.32,0.494
0,400 Conejos Joven Mezcal,38.0,0.7,53.99,77.129,0.493
0,Graf von Schönborn Weisser Burgunder Trocken 2021,11.5,0.75,17.49,23.32,0.493
0,Louis Raison Original Crisp,5.5,0.33,3.68,11.152,0.493
0,Corvezzo Magnum Organic Prosecco Extra Dry,11.5,1.5,34.99,23.327,0.493
0,Nittnaus Zweigelt Heideboden 2021,13.0,0.375,9.89,26.373,0.493
0,Louis Raison Rouge Délice,5.5,0.33,3.68,11.152,0.493
0,Uiltje Dr. Raptor Double IPA tölkki,8.2,0.33,5.49,16.636,0.493
0,Ontañón Reserva 2015,14.0,0.75,21.30,28.4,0.493
0,Lindauer Special Reserve Blanc de Blancs Brut,11.5,0.75,17.50,23.333,0.493
0,Château Carsin Cuvée du Chat Blanc 2021,12.5,0.75,19.02,25.36,0.493
0,Château de l'Orangerie Cuvée Ace of Spades 2017,13.0,0.75,19.79,26.387,0.493
0,Peat's Beast PX Sherry Finish Batch Strength Single Malt,54.1,0.7,76.98,109.971,0.492
0,Casa Lupo Valpolicella Ripasso Superiore 2020,14.5,0.75,22.12,29.493,0.492
0,Wongraven Senza Compromesso Piemonte Rosato 2019,12.0,0.75,18.29,24.387,0.492
0,Bolla Lugana 2021,13.0,0.75,19.80,26.4,0.492
0,Tombacco Pecorino 2016,13.5,0.75,20.56,27.413,0.492
0,Morin Crémant de Loire Rosé Brut,12.0,0.75,18.31,24.413,0.492
0,Yellow Rose Rye,45.0,0.7,64.00,91.429,0.492
0,Old Pulteney 12 Year Old Single Malt,40.0,0.7,56.88,81.257,0.492
0,Meinklang Prosa 2021,10.5,0.75,15.99,21.32,0.492
0,Badagoni Maestro Brut,11.5,0.75,17.52,23.36,0.492
0,Glekhuri Khasmi Saperavi Qvevri 2019,13.0,0.75,19.82,26.427,0.492
0,Bushmills 10 Year Old Single Malt,40.0,0.7,56.99,81.414,0.491
0,Lustau Amontillado Los Arcos Sherry Dry,18.5,0.375,14.14,37.707,0.491
0,Loredan Gasparini Asolo Superiore Prosecco Brut,11.0,0.75,16.80,22.4,0.491
0,The Glenlivet 12 Year Old Single Malt,40.0,0.7,56.99,81.414,0.491
0,Chateau Terrefort de Monterichard Cabernet Franc 2020,13.0,0.75,19.85,26.467,0.491
0,The Boss Prosecco Millesimato Extra Dry 2021,11.0,0.75,16.80,22.4,0.491
0,Valamon Kultahunaja Munkkilikööri,20.0,0.35,14.26,40.743,0.491
0,Aberlour 12 Year Old Double Cask Matured Single Malt,40.0,0.7,56.98,81.4,0.491
0,Hardy Organic VSOP,40.0,0.7,56.98,81.4,0.491
0,Bubi Prosecco Treviso Extra Dry,11.0,0.75,16.80,22.4,0.491
0,Pasqua PassioneSentimento Prosecco Brut,11.0,0.75,16.80,22.4,0.491
0,Fiskarsin Sepän Shavu Savulager tölkki,5.5,0.33,3.70,11.212,0.491
0,The English Small Batch Rum Cask Single Malt,46.0,0.7,65.63,93.757,0.491
0,Zazazu Demi Sec,10.0,0.75,15.31,20.413,0.49
0,Lójhtu Gin,46.3,0.5,47.21,94.42,0.49
0,Torabhaig Allt Gleann Batch Strength Single Malt,61.1,0.7,87.32,124.743,0.49
0,Masseria Romano Negroamaro 2021,13.0,0.75,19.89,26.52,0.49
0,Johnnie Walker Green Label 15 Year Old Blended Malt,43.0,0.7,61.48,87.829,0.49
0,Santomè Anna 6 2021,11.5,0.75,17.60,23.467,0.49
0,Quinta De Porrais Reserva Branco 2019,13.0,0.75,19.89,26.52,0.49
0,Sierra Nevada Pale Ale,5.6,0.35,4.00,11.429,0.49
0,Turonia Albariño 2021,13.0,0.75,19.89,26.52,0.49
0,M. Chapoutier Domaine des Granges de Mirabel Viognier 2021,13.0,0.75,19.89,26.52,0.49
0,Michael Opitz Blaufränkisch Reserve Ried Vierteljoch 2019,13.0,0.75,19.90,26.533,0.49
0,Torbreck Old Vines GSM 2019,15.0,0.75,22.98,30.64,0.49
0,Masseria Romano Nero di Troia 2016,13.0,0.75,19.89,26.52,0.49
0,Leconfield Cabernet Sauvignon 2020,14.5,0.75,22.20,29.6,0.49
0,1000 Lakes Willow Gin,43.0,0.7,61.46,87.8,0.49
0,Ruffino Chianti Superiore 2022,14.0,0.75,21.48,28.64,0.489
0,Bock's India Pale Ale,6.5,0.33,4.39,13.303,0.489
0,Ocho Reposado El Nacimiento Tequila 2022,40.0,0.5,40.94,81.88,0.489
0,Brunehaut Ambrée Bio Gluten Free,6.5,0.33,4.39,13.303,0.489
0,Zonin Ripasso Valpolicella Superiore 2018,14.0,1.5,42.98,28.653,0.489
0,Pyynikin Korpiklaani Vodka,42.5,0.5,43.46,86.92,0.489
0,Old Pulteney Huddart Single Malt,46.0,0.7,65.89,94.129,0.489
0,Minor Case Straight Rye,45.0,0.7,64.38,91.971,0.489
0,Chateau Corconnac 2012,13.0,0.75,19.95,26.6,0.489
0,Torres Celeste Crianza 2020,14.0,0.75,21.49,28.653,0.489
0,Château Saint Hilaire 2020,12.5,0.75,19.19,25.587,0.489
0,Rosae Arzuaga 2019,13.0,0.75,19.95,26.6,0.489
0,Rooster's Strength In Numbers West Coast IPA tölkki,7.0,0.44,6.30,14.318,0.489
0,Mullineux Kloof Street Chenin Blanc 2021,13.0,0.75,19.99,26.653,0.488
0,Cannonball Sauvignon Blanc 2020,13.0,0.75,19.98,26.64,0.488
0,Les Abeilles De Colombo Cotes Du Rhône Blanc 2020,13.0,0.75,19.99,26.653,0.488
0,Yvon Mau Saint-Émilion 2019,13.0,0.75,19.99,26.653,0.488
0,Plantation Barbados Vintage 2013,50.2,0.7,71.95,102.786,0.488
0,Migliarina Chardonnay 2020,13.0,0.75,19.99,26.653,0.488
0,Villa Maria Reserve Sauvignon Blanc 2022,13.0,0.75,19.99,26.653,0.488
0,Caruso & Minini Bio Catarratto 2016,13.0,0.75,19.99,26.653,0.488
0,Sovibor Mamoré de Borba White 2020,13.0,0.75,19.99,26.653,0.488
0,Noita Grüner Veltliner 2021,13.0,0.75,19.99,26.653,0.488
0,The Chita Single Grain Whisky,43.0,0.7,61.65,88.071,0.488
0,Krämer Straight Chardonnay 2022,13.0,0.75,19.99,26.653,0.488
0,Mathilde Chapoutier Selection Grand Ferrage Rose 2021,13.0,0.75,19.99,26.653,0.488
0,Ramón do Casar Treixadura 2018,13.0,0.75,19.99,26.653,0.488
0,Langlois-Chateau Saumur-Champigny 2021,13.0,0.75,19.99,26.653,0.488
0,Szigeti Pinot Noir Rosé Brut 2018,13.0,0.75,19.99,26.653,0.488
0,Château du Moulin Noir Montagne-Saint-Emilion 2012,13.0,0.75,19.99,26.653,0.488
0,The Real McCoy 12 Year Old,40.0,0.7,57.39,81.986,0.488
0,Campomaccione Morellino di Scansano 2018,13.0,0.75,19.99,26.653,0.488
0,Heidell Black Edition Gin,40.0,0.5,41.00,82.0,0.488
0,Bruery Mash & Coconut 2017,13.0,0.75,19.99,26.653,0.488
0,Château de Pierreux Brouilly 2021,13.0,0.75,19.99,26.653,0.488
0,Noita Loop Garoo 2021,13.0,0.75,19.99,26.653,0.488
0,Olutpaja Porter 65,6.5,0.5,6.66,13.32,0.488
0,Fritz Walter Pinot Noir Rosé 2020,13.0,0.375,9.98,26.613,0.488
0,Catena Cabernet Sauvignon 2015,13.0,0.75,19.99,26.653,0.488
0,Anselmo Mendes Contacto Alvarinho 2021,13.0,0.75,19.99,26.653,0.488
0,Château de l’Escarelle Machaon 2020,13.0,0.75,19.99,26.653,0.488
0,Casa Cavallo Toscana 2016,13.0,0.375,9.98,26.613,0.488
0,Thörle Saulheim Spätburgunder Kalkstein 2016,13.0,0.75,19.99,26.653,0.488
0,Mount Riley Pinot Noir 2021,13.0,0.75,19.99,26.653,0.488
0,Frescobaldi Castiglioni Chianti 2019,13.0,0.375,9.99,26.64,0.488
0,Amaro Montenegro,23.0,0.7,32.98,47.114,0.488
0,Churchill's Late Bottled Vintage Port 2018,19.5,0.375,14.98,39.947,0.488
0,Edoardo Organic Chianti 2020,13.0,0.75,19.99,26.653,0.488
0,Astobiza Rose 2020,13.0,0.75,19.99,26.653,0.488
0,Substance Cs Cabernet Sauvignon 2021,14.5,0.75,22.30,29.733,0.488
0,A.A Badenhorst Secateurs Red Blend 2021,13.0,0.75,19.99,26.653,0.488
0,Anselmann Edesheimer Rosengarten Riesling Spätlese Trocken 2020,13.0,0.75,19.99,26.653,0.488
0,Winzer Krems Bio Grüner Veltliner 2021,13.0,0.75,19.99,26.653,0.488
0,Malmgård X-Porter,7.0,0.33,4.73,14.333,0.488
0,Aberlour Casg Annamh Single Malt,48.0,0.7,68.99,98.557,0.487
0,1689 Dutch Pink Gin The Queen Mary Edition,38.5,0.7,55.38,79.114,0.487
0,Laitilan Brändy Long Drink tölkki,5.5,0.33,3.73,11.303,0.487
0,Laitilan Brändy Long Drink 6-pack tölkki,5.5,1.98,22.38,11.303,0.487
0,Jura 12 Year Old Single Malt,40.0,0.7,57.49,82.129,0.487
0,Klein Crémant d'Alsace Blanc de Blanc Brut 2021,12.0,0.75,18.48,24.64,0.487
0,Calvet In Pinot Noir Rosé Brut,12.0,0.2,4.93,24.65,0.487
0,Strongbow British Dry,5.0,0.33,3.39,10.273,0.487
0,Brooklyn Defender IPA,5.5,0.33,3.73,11.303,0.487
0,Torabhaig Legacy Allt Gleann Single Malt,46.0,0.7,66.10,94.429,0.487
0,Crafter's Aromatic Flower Gin muovipullo,44.4,0.04,3.65,91.25,0.487
0,Château Beauséjour 2014,14.0,0.75,21.58,28.773,0.487
0,Mallaskoski Sian Carlo Italo Pils,5.0,0.33,3.39,10.273,0.487
0,Mallassepät Leka Extra IPA tölkki,6.8,0.33,4.61,13.97,0.487
0,Glenfiddich 12 Year Old Single Malt,40.0,0.7,57.49,82.129,0.487
0,Huyghe Delirium Red,8.0,0.33,5.42,16.424,0.487
0,Plan B Modern Red Pinot Noir Shiraz 2020,13.5,0.75,20.79,27.72,0.487
0,Castaño Santa,15.5,0.75,23.90,31.867,0.486
0,Crasto Superior 2019,14.0,0.75,21.60,28.8,0.486
0,Ska Modus Hoperandi IPA tölkki,6.8,0.355,4.97,14.0,0.486
0,Carl Loewen Quant Riesling 2022,11.0,0.75,16.98,22.64,0.486
0,Belstar Cult Prosecco Extra Dry,11.0,0.75,16.99,22.653,0.486
0,Moretti Omero Terre di Giano 2020,13.5,0.75,20.85,27.8,0.486
0,Hegarty Chamans Les Nonnes 2016,14.0,0.75,21.60,28.8,0.486
0,Baglietti Organic Prosecco Rosé Extra Dry 2020,11.0,0.75,16.99,22.653,0.486
0,Mallaskoski Dark Double Berry Sour,6.5,0.33,4.41,13.364,0.486
0,Villa W. Steep Slope Riesling  Dry,11.0,0.75,16.99,22.653,0.486
0,Emilio Moro Polvorete 2022,12.5,0.75,19.30,25.733,0.486
0,Hayman's Peach & Rose Cup,25.0,0.7,35.98,51.4,0.486
0,Casa Marin Cartagena Riesling 2022,12.0,0.75,18.50,24.667,0.486
0,Pizzolato Organic Valdobbiadene Superiore Prosecco Extra Dry 2022,11.0,0.75,16.99,22.653,0.486
0,Casa Gheller Prosecco Brut,11.0,0.75,16.99,22.653,0.486
0,Stift Klosterneuburg Mathäi Brut,12.5,0.75,19.30,25.733,0.486
0,Tselepos Amalia Brut,12.0,0.75,18.57,24.76,0.485
0,Chin Chin Cava Brut,11.5,0.75,17.79,23.72,0.485
0,Pyynikin Recycled Citrus Gin Liqueur,20.0,0.5,20.63,41.26,0.485
0,Brewski T-Horse Double IPA tölkki,8.5,0.33,5.78,17.515,0.485
0,Teeling Blackpitts Peated Single Malt,46.0,0.7,66.39,94.843,0.485
0,Laugar Aupa Tovarisch Russian Imperial Stout,13.4,0.33,9.12,27.636,0.485
0,Azueira O Mâgnanimo D. João V 2017,13.0,0.75,20.10,26.8,0.485
0,Iso-Kallan Lakkaa Juomasta,7.0,0.33,4.76,14.424,0.485
0,Krušovice Cerne,3.8,0.5,3.92,7.84,0.485
0,Casal de Armán Eira dos Mouros Tinto 2019,12.5,0.75,19.32,25.76,0.485
0,Vinicola de Nulles Adernats Organic Cava Brut Nature,11.5,0.75,17.81,23.747,0.484
0,Jan Vidal Honor Rose Cava Brut,11.5,0.75,17.81,23.747,0.484
0,Casa Santos Lima Reserva 2015,14.5,0.75,22.49,29.987,0.484
0,Château de Seguin Cuvée Prestige 2017,13.5,0.75,20.90,27.867,0.484
0,E. Guigal Tavel 2022,13.5,0.75,20.90,27.867,0.484
0,Luca Bosio Nebbiolo d'Alba 2021,14.0,0.75,21.71,28.947,0.484
0,Fraga do Corvo Godello 2022,13.5,0.75,20.90,27.867,0.484
0,Ollinmäen Kuningatar Likööri,17.5,0.35,12.65,36.143,0.484
0,Teeling Single Malt,46.0,0.05,4.75,95.0,0.484
0,Kyrö Dark Gin,42.6,0.5,43.98,87.96,0.484
0,Mosgaard Sweet Rhubarb Organic Gin,40.0,0.5,41.28,82.56,0.484
0,Jan Vidal Honor Cava Brut Seleccío,11.5,0.75,17.81,23.747,0.484
0,The Botanist Islay Dry Gin,46.0,0.2,18.99,94.95,0.484
0,Punaisen Tuvan Kupliva Mahlaskumppa,13.0,0.75,20.18,26.907,0.483
0,Indigena Organic 2020,13.5,0.75,20.98,27.973,0.483
0,Darroze Les Grands Assemblages 8 Ans d'Âge,43.0,0.7,62.28,88.971,0.483
0,Bock's Helmi Cider,8.0,0.33,5.47,16.576,0.483
0,Torres Cordillera Cabernet Sauvignon 2019,13.5,0.75,20.98,27.973,0.483
0,Cafaggio Chianti Classico 2020,13.5,0.75,20.98,27.973,0.483
0,Kuentz-Bas Signature la 4eme Tour 2019,13.5,0.75,20.98,27.973,0.483
0,Grand Marnier Cordon Rouge,40.0,0.35,28.97,82.771,0.483
0,Pezat Rouge 2021,13.5,0.75,20.98,27.973,0.483
0,Tenuta Vignega Ripasso Valpolicella Superiore 2019,13.5,0.75,20.98,27.973,0.483
0,Tedeschi Valpolicella Classico Superiore 2020,14.0,0.75,21.72,28.96,0.483
0,Hardy Fine Champagne VSOP,40.0,0.7,57.99,82.843,0.483
0,Fleurs de Prairie Rosé 2021,12.5,1.5,38.85,25.9,0.483
0,Green Spot Single Pot Still,40.0,0.7,57.99,82.843,0.483
0,The Spirit of Mallaskoski,38.0,0.5,39.36,78.72,0.483
0,Ollinmäen Omenalikööriä,17.5,0.35,12.69,36.257,0.483
0,Torres 20 Hors d'âge Brandy,40.0,0.7,57.99,82.843,0.483
0,La Guita Manzanilla Sherry,15.0,0.375,11.68,31.147,0.482
0,Tenute Lombardo Sualtezza 650 Brut,11.5,0.75,17.91,23.88,0.482
0,JP. Chenet Ice Edition Demi Sec,10.5,0.2,4.36,21.8,0.482
0,Williams Juicy Joker NEIPA tölkki,5.0,0.44,4.56,10.364,0.482
0,Coolhead Tuots Lairepmi tölkki,10.0,0.33,6.84,20.727,0.482
0,Nålla Kova Sooda Hard Seltzer Karpalo tölkki,4.0,0.33,2.74,8.303,0.482
0,Montalto Ammasso Rosso 2020,14.5,0.75,22.58,30.107,0.482
0,Great Divide Titan IPA tölkki,7.1,0.355,5.23,14.732,0.482
0,Arthur Metz Crémant d'Alsace Riesling Brut,12.0,0.75,18.67,24.893,0.482
0,Nålla Kova Sooda Seljankukka tölkki,4.0,0.33,2.74,8.303,0.482
0,Nålla Kova Sooda Hard Seltzer Greippi tölkki,4.0,0.33,2.74,8.303,0.482
0,Stone's Ginger Joe Strong,6.5,0.33,4.45,13.485,0.482
0,Laphroaig 10 Year Old Single Malt,40.0,0.7,58.07,82.957,0.482
0,Kopparberg Strawberry & Lime Premium Cider tölkki,4.5,0.44,4.11,9.341,0.482
0,Lagunitas IPA,6.2,0.355,4.57,12.873,0.482
0,Havana Club Añejo 7 Años muovipullo,40.0,0.05,4.16,83.2,0.481
0,Kingsbarns Distillery Reserve Single Malt,61.8,0.7,89.90,128.429,0.481
0,Fournier Cidre Bio,4.8,0.75,7.49,9.987,0.481
0,Kweichow Moutai Yingbin,53.5,0.5,55.60,111.2,0.481
0,Tahko Luomu Gin,40.0,0.5,41.54,83.08,0.481
0,Château de la Terrière Régnié 2021,13.0,0.75,20.29,27.053,0.481
0,Martin Codax Albariño 2022,12.5,0.75,19.49,25.987,0.481
0,Pascal Bellier Cour-Cheverny 2021,13.0,0.75,20.26,27.013,0.481
0,Domaine Maire & Fils Grand Minéral Chardonnay 2021,12.5,0.75,19.49,25.987,0.481
0,Isola Augusta Pinot Nero 2022,13.0,0.75,20.27,27.027,0.481
0,Wohlmuth Südsteiermark Sauvignon Blanc  2022,12.5,0.75,19.49,25.987,0.481
0,Astiazaran 11,6.5,0.75,10.14,13.52,0.481
0,Original Long Drink Mango tölkki,4.5,0.33,3.09,9.364,0.481
0,Kleinood Blaauwklippenpad Tamboerskloof Katharien Rosé 2019,13.0,0.75,20.27,27.027,0.481
0,Rabarbra Rhubarb Sparkling Dry 2022,8.0,0.75,12.48,16.64,0.481
0,Domaine Maire Grand Minéral Pinot Noir 2021,12.5,0.75,19.49,25.987,0.481
0,Rochefort 10,11.3,0.33,7.76,23.515,0.481
0,Dissegna Organic Prosecco Rosé Extra Dry 2022,11.5,0.75,17.98,23.973,0.48
0,Villa Conchi Cava Brut,11.5,0.375,8.98,23.947,0.48
0,Sorrentino Vesuvio Bianco 2021,12.0,0.75,18.75,25.0,0.48
0,Dr. Wehrheim Trocken Riesling 2018,12.0,1.0,24.98,24.98,0.48
0,Moersleutel Could You Pass Me The Wire Stripper tölkki,8.5,0.44,7.79,17.705,0.48
0,Alexander Gysler Feldgeflüster Riesling Kabinett 2016,10.5,0.75,16.40,21.867,0.48
0,Nuija Barrel Aged Gin 2023,44.2,0.5,46.05,92.1,0.48
0,Pere Ventura Primer Organic Reserva Cava Brut,11.5,0.75,17.98,23.973,0.48
0,X-Berg Organic Riesling Feinherb 2023,11.5,0.75,17.98,23.973,0.48
0,Freixenet Elyssia Gran Cuvée Cava Brut,11.5,0.75,17.98,23.973,0.48
0,Happy Joe Cloudy Apple,4.7,0.275,2.69,9.782,0.48
0,Masottina Costabella Prosecco Brut,11.5,0.75,17.98,23.973,0.48
0,Château la Bienveillance Rouge 2019,13.0,0.75,20.31,27.08,0.48
0,Pasanau Ceps Nous 2020,16.0,0.75,25.04,33.387,0.479
0,Edna Valley Pinot Noir 2019,14.0,0.75,21.90,29.2,0.479
0,X-Berg Pinot Noir Rosé 2021,11.5,0.75,17.99,23.987,0.479
0,Château de La Chaize Brouilly 2022,13.0,0.75,20.35,27.133,0.479
0,Mionetto Prosecco Brut,11.0,0.2,4.59,22.95,0.479
0,The Glenrothes 12 Year Old Single Malt,40.0,0.7,58.49,83.557,0.479
0,Neil Ellis Elgin Chardonnay 2020,13.0,0.75,20.35,27.133,0.479
0,Greystone Pinot Noir Rose 2021,13.5,0.75,21.13,28.173,0.479
0,Dr Thanisch Riesling 2022,10.5,0.75,16.49,21.987,0.478
0,Masi Campofiorin 2020,13.0,0.375,10.19,27.173,0.478
0,Erland Gran Vin de Vuokatti,12.0,0.75,18.84,25.12,0.478
0,Nonino Grappa Chardonnay 12 mesi,41.0,0.5,42.90,85.8,0.478
0,Stallhagen Baltic Porter,7.0,0.33,4.83,14.636,0.478
0,Mouton Cadet Cuvée Héritage 2017,13.0,1.5,40.80,27.2,0.478
0,Shinsei,40.0,0.7,58.56,83.657,0.478
0,Volbeat Seal the Deal,41.0,0.7,59.98,85.686,0.478
0,Bonelli Mimi Malvasia Spumante Dolce 2022,7.0,0.75,10.99,14.653,0.478
0,Fiskarsin Risukka Riesling Sour tölkki,5.2,0.33,3.59,10.879,0.478
0,Belvedere Pure Vodka,40.0,0.7,58.58,83.686,0.478
0,Nonino Grappa il Merlot,41.0,0.5,42.90,85.8,0.478
0,Château de la Terriere Brouilly Tradition 2020,14.5,0.75,22.75,30.333,0.478
0,Open Water Winter Warmer 2020,10.0,0.33,6.90,20.909,0.478
0,Ainoa Ilta 2022,14.0,0.7,20.50,29.286,0.478
0,Caol Ila 12 Year Old Single Malt,43.0,0.7,62.98,89.971,0.478
0,Polz Therese Ried Theresienhöhe Sauvignon Blanc 2020,13.0,0.75,20.46,27.28,0.477
0,Prykmestar Vehnä Mansikka,5.0,0.33,3.46,10.485,0.477
0,Apis Korzenny,11.0,0.75,17.28,23.04,0.477
0,Yannick Amirault La Mine 2019,14.0,0.75,21.99,29.32,0.477
0,Nagu Oak Aged Gin,47.0,0.5,49.26,98.52,0.477
0,Marchesi Di Barolo Maraia 2021,14.0,0.75,21.99,29.32,0.477
0,Vin Sauvage a Poil Regnie 2021,14.0,0.75,21.99,29.32,0.477
0,Petra Hebo 2020,14.0,0.75,21.99,29.32,0.477
0,Frontaal Great Minds Imperial Stout tölkki,13.0,0.44,12.00,27.273,0.477
0,Barone Ricasoli Brolio Chianti Classico 2018,14.0,0.75,21.99,29.32,0.477
0,Kuentz-Bas L'Etincelle Pinot Noir 2019,14.0,0.75,21.99,29.32,0.477
0,Jack Daniel's Single Barrel Rye,45.0,0.7,65.97,94.243,0.477
0,1000 Lakes Forest Vodka,45.0,0.5,47.16,94.32,0.477
0,Le Bon Tikka Barrel Aged Gin,50.5,0.5,52.93,105.86,0.477
0,Valpincia Reserva 2011,14.5,0.75,22.84,30.453,0.476
0,Readers´Gin Raspberry Chick Lit,40.0,0.5,41.98,83.96,0.476
0,Francois Martenot Crémant de Bourgogne Brut 2018,12.0,0.75,18.90,25.2,0.476
0,Pflüger Me & Sushi 2021,12.0,0.75,18.90,25.2,0.476
0,St. Bernardus Wit,5.5,0.33,3.81,11.545,0.476
0,Marble Plum Dubbel,9.4,0.66,13.03,19.742,0.476
0,Kajo Arctic Cloudberry Liqueur,21.0,0.35,15.45,44.143,0.476
0,Mufloni Mango Passion Berliner Weisse tölkki,4.0,0.44,3.70,8.409,0.476
0,Kiss Black Diamond,40.0,0.5,41.98,83.96,0.476
0,Beefeater Crown Jewel London Dry Gin,50.0,1.0,105.00,105.0,0.476
0,Braastad Cognac Christmas Edition,40.0,0.5,41.99,83.98,0.476
0,Sori Dark Humor Club Roasted Pecan tölkki,10.0,0.33,6.94,21.03,0.476
0,Rooster's Roots. Rock. Reggae. Pineapple & Grapefruit IPA tölkki,6.4,0.44,5.91,13.432,0.476
0,Astoria Prosecco Extra Dry,11.0,0.75,17.33,23.107,0.476
0,Bock's Pils,5.0,0.33,3.47,10.515,0.476
0,Agricole Selvi Arrogantone Limited Edition Aglianico 2018,15.0,0.75,23.65,31.533,0.476
0,Frapin 1270,40.0,0.7,59.00,84.286,0.475
0,Flor de Caña Centenario 12,40.0,0.7,59.00,84.286,0.475
0,Domaine d'Albas,14.0,0.75,22.09,29.453,0.475
0,Puntun Paavo,10.0,0.75,15.79,21.053,0.475
0,Zell Rosé Brut,12.5,0.75,19.72,26.293,0.475
0,Villa Maria Lighter Sauvignon Blanc 2018,10.0,0.75,15.79,21.053,0.475
0,Valamo Absinthe,68.0,0.5,71.52,143.04,0.475
0,Etko Raisin My Family tölkki,9.5,0.44,8.80,20.0,0.475
0,Alta Alella Mirgin Reserva Cava Brut Nature 2019,12.0,0.75,18.95,25.267,0.475
0,Dr. Loosen Graacher Riesling Dry 2021,12.5,0.75,19.72,26.293,0.475
0,Ironstone Reserve Viognier 2019,14.5,0.75,22.89,30.52,0.475
0,Chateau Haut-Lariveau 2017,12.5,0.75,19.78,26.373,0.474
0,Wolfberger Celebration Unique Crémant Brut,12.0,0.75,18.99,25.32,0.474
0,Veuve Ambal Grande Cuvée Crémant de Bourgogne Brut,12.0,0.75,18.98,25.307,0.474
0,Menabrea Ambrata,5.0,0.33,3.48,10.545,0.474
0,Domaines Schlumberger Pinot Blanc Les Princes Abbés 2017,12.5,0.75,19.79,26.387,0.474
0,Tenu Gin,47.0,0.5,49.53,99.06,0.474
0,Quinta d'Aguieira Método Clássico Bruto 2014,12.0,0.75,18.99,25.32,0.474
0,Terraprima Blanc 2021,12.0,0.75,18.98,25.307,0.474
0,Perfectly Imperfect,12.0,0.75,18.99,25.32,0.474
0,Dr. Loosen Red Slate Riesling Dry 2021,12.0,0.75,18.99,25.32,0.474
0,Fogt Scheurebe Trocken 2021,12.0,0.75,18.99,25.32,0.474
0,Chateau Chizay Furmint 2019,12.0,0.75,18.99,25.32,0.474
0,Marqués de Valparaíso Crianza 2014,14.5,0.75,22.95,30.6,0.474
0,Pfaff Crémant d'Alsace Rosé Brut,12.0,0.75,18.99,25.32,0.474
0,Wolfberger Crémant d'Alsace Rosé Brut,12.0,0.75,18.99,25.32,0.474
0,Oskar Blues Old Chub Scotch Ale tölkki,8.0,0.355,5.99,16.873,0.474
0,Grans-Fassian Mineralschiefer Riesling Trocken 2022,12.0,0.75,18.99,25.32,0.474
0,Guerrieri Rizzardi Fior di Rosa Bardolino Chiaretto Extra Dry,12.0,0.75,18.99,25.32,0.474
0,Seppeltsfield Barossa Grenache 2021,14.5,0.75,22.99,30.653,0.473
0,Mallassepät Autumn Bock tölkki,6.8,0.33,4.74,14.364,0.473
0,Seis de Azul y Garanza 2019,14.5,0.75,22.99,30.653,0.473
0,Gevelli Saperavi Qvevri Reserve 2018,13.0,0.75,20.60,27.467,0.473
0,Latourba Cival 2019,13.5,0.75,21.42,28.56,0.473
0,Malmgård Emmer IPA,6.2,0.33,4.33,13.121,0.473
0,Lacrima Baccus Cava Reserva Semi Seco 2021,11.5,0.75,18.24,24.32,0.473
0,Zuccardi Q Malbec 2021,14.5,0.75,22.99,30.653,0.473
0,Luigi Bosca De Sangre Malbec 2020,14.5,0.75,22.98,30.64,0.473
0,Glenfarclas 12 Year Old Single Malt,43.0,0.7,63.64,90.914,0.473
0,Sefa Kulla Chardonnay Reserve 2017,14.0,0.75,22.18,29.573,0.473
0,Sassoregale Sangiovese 2020,14.0,0.75,22.22,29.627,0.473
0,Petra Unger Zweigelt Rosé 2022,12.0,0.75,19.01,25.347,0.473
0,Sitzius Rothenberg Riesling Spätlese Goldkapsel Trocken 2020,12.5,0.75,19.82,26.427,0.473
0,Select Aperitivo,17.5,0.7,25.90,37.0,0.473
0,Kalleske Zeitgeist Shiraz 2021,14.5,0.75,22.98,30.64,0.473
0,Velenosi Lacrima di Morro 2020,12.5,0.75,19.80,26.4,0.473
0,Latourba Solac Rosé 2019,13.5,0.75,21.42,28.56,0.473
0,Briza del Mar Cava Brut Nature Organic,11.5,0.75,18.27,24.36,0.472
0,Kentucky Vintage,45.0,0.7,66.78,95.4,0.472
0,Fidora Tenuta Civranetta Prosecco Extra Dry,11.0,0.75,17.48,23.307,0.472
0,Kirkstall Spokane West Coast IPA tölkki,6.0,0.44,5.59,12.705,0.472
0,Baglietti Prosecco No.10 Extra Dry,11.0,1.5,34.98,23.32,0.472
0,Minttu Peppermint muovipullo,40.0,0.04,3.39,84.75,0.472
0,Westmalle Tripel,9.5,0.75,15.10,20.133,0.472
0,Samuel Smith Organic Cider,5.0,0.55,5.83,10.6,0.472
0,Bruno Murciano Las Blancas 2021,13.0,0.75,20.66,27.547,0.472
0,Celler 9+ Medol Carnatxa Cabernet 2017,13.5,0.75,21.44,28.587,0.472
0,Quinta de la Rosa Late Bottled Vintage Port 2017,19.5,0.75,31.00,41.333,0.472
0,Llopart Carmí Rosat 2017,12.5,0.75,19.86,26.48,0.472
0,Keppo Porter,6.7,0.33,4.68,14.182,0.472
0,Martell VSOP,40.0,0.7,59.49,84.986,0.471
0,Azimut Negre 2018,12.5,0.75,19.90,26.533,0.471
0,Minttu Cream Chocolate & Mint,16.0,0.5,16.99,33.98,0.471
0,Chateau Ste Michelle Cabernet Sauvignon 2018,13.5,0.75,21.48,28.64,0.471
0,Gorka Izagirre Basque 2020,12.5,0.75,19.89,26.52,0.471
0,DOM Bischöfliche Weingüter Trier Riesling Trocken 2020,11.5,0.75,18.31,24.413,0.471
0,Engel Crémant d'Alsace Chardonnay Brut 2021,12.5,0.75,19.89,26.52,0.471
0,Three Engineers 3E Gin,47.0,0.5,49.94,99.88,0.471
0,Brooklyn Pulp Art Hazy IPA,6.0,0.33,4.20,12.727,0.471
0,Onnea! Crémant d'Alsace Brut,12.5,0.75,19.89,26.52,0.471
0,Pöhjala Chocolate Porter,10.0,0.33,7.01,21.242,0.471
0,Galler Pinotin 2019,12.5,0.75,19.89,26.52,0.471
0,Tuju Pyöveli tölkki,9.2,0.44,8.60,19.545,0.471
0,Zähringer Spätburgunder Rosé Trocken 2021,12.5,0.75,19.89,26.52,0.471
0,Esporão Reserva Branco 2021,13.5,0.75,21.49,28.653,0.471
0,Compass Box The Spice Tree Blended Malt,46.0,0.7,68.31,97.586,0.471
0,Penderyn Rich Oak Single Malt,46.0,0.7,68.40,97.714,0.471
0,Catena White Clay Semillón Chenin 2021,12.5,0.75,19.89,26.52,0.471
0,Salama Bluedozer tölkki,8.0,0.44,7.48,17.0,0.471
0,Jurtschitsch Grüner Veltliner Urgestein 2022,12.5,0.375,9.98,26.613,0.47
0,Flechas de Los Andes Aguaribay 2019,14.0,0.75,22.32,29.76,0.47
0,Glengoyne 10 Year Old Single Malt,40.0,0.7,59.58,85.114,0.47
0,Etz Kamptal Riesling 2020,12.5,0.75,19.95,26.6,0.47
0,Chateau Carsin Cuvée Noire 2018,14.5,0.75,23.14,30.853,0.47
0,Alahovin Hilikunkuiva Mansikkaviini,13.0,0.75,20.75,27.667,0.47
0,Tornion Lapland Red Ale tölkki,5.2,0.44,4.87,11.068,0.47
0,Meukow Xpresso,20.0,0.35,14.90,42.571,0.47
0,Konnevesi Gin,43.0,0.5,45.74,91.48,0.47
0,Soalheiro Alvarinho 2022,12.5,0.375,9.98,26.613,0.47
0,Valhalla,35.0,0.04,2.98,74.5,0.47
0,Petra Unger Furth-Terrassen Riesling 2020,12.5,0.75,19.95,26.6,0.47
0,Hanko 5 Star Cognac Braastad,40.0,0.7,59.58,85.114,0.47
0,Villa Trasqua Chianti Classico 2019,14.0,0.75,22.32,29.76,0.47
0,Domaine Franck Chavy Régnié 2021,13.0,0.75,20.74,27.653,0.47
0,Nagu Midsummer Gin,42.0,0.5,44.69,89.38,0.47
0,Château Grand Francais Rouge 2019,12.5,0.75,19.99,26.653,0.469
0,Jim Barry Single Vineyard McKay's Riesling 2017,12.5,0.75,20.01,26.68,0.469
0,Vasse Felix Filius Chardonnay 2019,12.5,0.75,19.99,26.653,0.469
0,Montelvini Prosecco Biologico Extra Dry,11.0,0.75,17.58,23.44,0.469
0,Compass Box The Peat Monster Blended Malt,46.0,0.7,68.69,98.129,0.469
0,Tenuta Marsiliana Vermentino 2022,12.5,0.75,19.99,26.653,0.469
0,Zaccagnini Montepulciano d'Abruzzo 2020,12.5,0.375,9.99,26.64,0.469
0,Ojuel Carrasojuela Viñedo Singular 2019,12.5,0.75,19.99,26.653,0.469
0,Verrocchio Prosecco Extra Dry,11.0,0.2,4.69,23.45,0.469
0,Xanadu Fusion Chardonnay 2018,12.5,0.75,19.99,26.653,0.469
0,Domaine du Mortier Les Sables 2021,12.5,0.75,19.97,26.627,0.469
0,Mionetto Prosecco Rosé Extra Dry,11.0,0.2,4.69,23.45,0.469
0,Cantina Tramin Cuvee T Bianco 2022,12.5,0.75,19.99,26.653,0.469
0,Parés Baltà Cosmic Organic 2021,12.5,0.75,19.99,26.653,0.469
0,De Chanceny Excellence Vouvray Brut 2021,12.5,0.75,19.99,26.653,0.469
0,Santa Vittoria Max Langhe Rosato 2019,12.5,0.75,19.99,26.653,0.469
0,Gillmore Hacedor de Mundos Cabernet Franc Old Wines 2018,14.5,0.75,23.21,30.947,0.469
0,Galway Bay Of Foam & Fury DIPA tölkki,8.5,0.33,5.98,18.121,0.469
0,Strega Amarelli Liquore di Liquirizia,25.0,0.5,26.66,53.32,0.469
0,Astobiza Txakoli 2021,12.5,0.75,19.99,26.653,0.469
0,Saint Clair Gimblett Gravels Syrah 2018,12.5,0.75,19.99,26.653,0.469
0,Bestheim Coeur de Lune Crémant Brut,12.5,0.75,19.99,26.653,0.469
0,Wolfberger Les Festives Riesling 2019,12.5,1.5,39.99,26.66,0.469
0,Château Lézergué Cidre de Bretagne Brut,5.0,0.75,7.99,10.653,0.469
0,Rosso di Grignanello 2020 hanapakkaus,13.5,3.0,86.32,28.773,0.469
0,Portal 6 Barrels Tawny Reserve Port,20.0,0.375,15.98,42.613,0.469
0,Spanier Gillot Kalkglimmer Grauer Burgunder Organic 2019,12.5,0.75,19.99,26.653,0.469
0,Chronicle Vineyards White 2020,13.0,0.75,20.81,27.747,0.469
0,Jean-Baptiste Adam Les Natures Crémant d'Alsace Brut,12.5,0.75,19.99,26.653,0.469
0,Prunotto Bansella 2021,15.0,0.75,23.98,31.973,0.469
0,Dr.Wehrheim Max Trocken Weissburgunder Organic 2020,12.5,0.75,19.99,26.653,0.469
0,Moulin de Gassac Picpoul de Pinet 2022,12.5,0.75,19.99,26.653,0.469
0,Villa Maria Single Vineyard Taylors Pass Sauvignon Blanc 2020,13.5,0.75,21.59,28.787,0.469
0,Soalheiro Alvarinho Classic 2022,12.5,0.75,19.99,26.653,0.469
0,Roccafiore Fiordaliso Bianco 2022,12.5,0.75,19.99,26.653,0.469
0,Gisselbrecht Riesling Grand Cru Muenchberg 2019,12.5,0.75,19.99,26.653,0.469
0,Okendo Txakolina Pilpil 2021,12.5,0.75,19.99,26.653,0.469
0,Olutpaja XA Stout,6.0,0.5,6.40,12.8,0.469
0,Domaine de la Chapelle de Bizot Chiroubles 2021,12.5,0.75,19.99,26.653,0.469
0,Os Dunares Albariño Atlantico 2021,13.0,0.75,20.77,27.693,0.469
0,Olivier Ravier Côte-de-Brouilly 2021,12.5,0.75,19.99,26.653,0.469
0,Corvers Kauter Berg Roseneck Riesling 2020,12.5,0.75,19.99,26.653,0.469
0,Hiisi Ruisperkele Extra IPA,8.5,0.33,5.99,18.152,0.468
0,Knauss Weiss 2019,12.0,0.75,19.22,25.627,0.468
0,Agricole Selvi Arrogantone Limited edition Sangiovese 2016,15.0,0.75,24.02,32.027,0.468
0,Casa Girelli Antario Barolo 2019,14.0,0.75,22.45,29.933,0.468
0,Rooster's Better Late Than Never NEIPA tölkki,5.9,0.44,5.55,12.614,0.468
0,Hornbeer Caribbean Rumstout,10.0,0.33,7.05,21.364,0.468
0,Compass Box The Story Of The Spaniard Blended Malt,43.3,0.7,64.70,92.429,0.468
0,Hornbeer Black Magic Woman,10.0,0.33,7.05,21.364,0.468
0,Rammstein Rum,40.0,0.7,59.98,85.686,0.467
0,Lebenshilfe Spätburgunder 2017,13.0,0.75,20.90,27.867,0.467
0,Opéra Blanc de Blancs Brut,10.5,0.2,4.50,22.5,0.467
0,Moon Lark Bench tölkki,5.6,0.5,5.99,11.98,0.467
0,Frangelico,20.0,0.7,29.97,42.814,0.467
0,Smokehead Single Malt,43.0,0.7,64.48,92.114,0.467
0,Château de Carolle 2018,13.0,0.75,20.90,27.867,0.467
0,Pere Magloire VSOP Smoky Islay Cask Finish Calvados,40.0,0.7,60.00,85.714,0.467
0,Heidell Navy Strength Gin,57.0,0.1,12.21,122.1,0.467
0,Pombal do Vesuvio 2021,14.0,0.75,22.49,29.987,0.467
0,Original Long Drink Gin & Raspberry tölkki,4.5,0.33,3.18,9.636,0.467
0,Escudo Rojo Gran Reserva 2021,14.0,0.75,22.49,29.987,0.467
0,Enate Gewürztraminer 2021,14.0,0.75,22.49,29.987,0.467
0,Vinescence Organic Juliénas  2021,12.0,0.75,19.26,25.68,0.467
0,Gwynt y Ddraig Farmhouse Cloudy Scrumpy Cider,5.3,0.5,5.67,11.34,0.467
0,Koskenkorva Herb & Citrus muovipullo,21.0,0.2,8.99,44.95,0.467
0,Minuty M Rosé 2022,13.0,0.75,20.90,27.867,0.467
0,The Quiet Man 8 Year Old Single Malt Whiskey,40.0,0.7,59.99,85.7,0.467
0,Caña de Emperador 16 Year Old Guyana Rum,40.0,0.7,59.98,85.686,0.467
0,Reiterer Morillon 2018,12.5,0.75,20.09,26.787,0.467
0,Crafter's London Dry Gin muovipullo,43.0,0.04,3.68,92.0,0.467
0,Camus Borderies VSOP,40.0,0.7,59.98,85.686,0.467
0,Little Yering Chardonnay 2017,13.0,0.75,20.90,27.867,0.467
0,Sori Curious Captain & Citra Citra Citra NEIPA tölkki,7.0,0.33,4.96,15.03,0.466
0,North Brewing Lost Cosmonauts DDH IPA tölkki,6.0,0.44,5.67,12.886,0.466
0,Tommasi Crearo 2018,14.0,0.75,22.54,30.053,0.466
0,Heidell Barrel Aged Gin,42.0,0.5,45.05,90.1,0.466
0,Robert Mondavi Private Selection Bourbon Barrel-Aged Cabernet Sauvignon 2021,14.5,0.75,23.35,31.133,0.466
0,Achel Bruin,8.0,0.33,5.67,17.182,0.466
0,Robert Mondavi Rum Barrel-Aged Merlot 2018,14.5,0.75,23.35,31.133,0.466
0,HIFK White 2020,12.0,0.75,19.30,25.733,0.466
0,Marble Jollification Apricot & Peach Triple,8.5,0.66,12.03,18.227,0.466
0,Bottega Rose Gold Brut,11.5,0.2,4.94,24.7,0.466
0,Shabo Reserve Cabernet 2021,13.0,0.75,20.98,27.973,0.465
0,Gérard Bertrand Côte des Roses 2022,13.0,0.375,10.49,27.973,0.465
0,Spier Methode Cap Classique Chardonnay Pinot Noir Brut 2018,13.0,0.75,20.98,27.973,0.465
0,Cune Reserva 2018,14.0,0.375,11.29,30.107,0.465
0,Bock's Dunkel,4.9,0.33,3.48,10.545,0.465
0,Banfi La Pettegola Vermentino 2022,13.0,0.75,20.98,27.973,0.465
0,Freixenet Prosecco Extra Dry Magnum,11.0,1.5,35.49,23.66,0.465
0,Gigondas L'Hallali Grande Réserve 2018,15.0,0.75,24.18,32.24,0.465
0,Alois Lageder Pinot Grigio 2022,13.0,0.75,20.98,27.973,0.465
0,Escarpment The Edge Pinot Noir 2022,13.0,0.75,20.98,27.973,0.465
0,Villa Maria EarthGarden Pinot Noir 2020,13.0,0.75,20.98,27.973,0.465
0,Passione Natura Montepulciano 2021,12.5,0.75,20.14,26.853,0.465
0,Mionetto Valdobbiadene Prosecco Superiore Brut,11.0,0.75,17.79,23.72,0.464
0,Microbirrificio Doppiobaffo Angiuleto IPA,7.0,0.33,4.98,15.091,0.464
0,La Bargemone 2020,13.0,0.75,21.02,28.027,0.464
0,Waterford Single Farm Sheestown 1.2 Single Malt,50.0,0.7,75.50,107.857,0.464
0,Amager Rye King Rye Stout,7.7,0.33,5.48,16.606,0.464
0,Lehe Heaven Hell American Barley Wine,14.0,0.33,9.95,30.152,0.464
0,Dugges Cookie Cognac Barrel Aged Choco Chip Stout,13.4,0.33,9.53,28.879,0.464
0,Arnaldo Caprai Grecante 2022,13.5,0.75,21.80,29.067,0.464
0,Château de Riquewihr Les Murailles Riesling 2022,12.0,0.75,19.38,25.84,0.464
0,Häjy Luote Barrel Aged Gin,40.0,0.5,43.11,86.22,0.464
0,Doppiobaffo Angiuleto IPA,7.0,0.33,4.98,15.091,0.464
0,Amager Eurodisco tölkki,6.3,0.44,5.98,13.591,0.464
0,Tornion Arctic North Lager tölkki,5.5,0.44,5.21,11.841,0.464
0,Quinta Nova Pomares 2021,13.5,0.75,21.82,29.093,0.464
0,Pühaste Swirl DDH IPA tölkki,7.0,0.33,4.98,15.091,0.464
0,Stadin American Session IPA tölkki,4.5,0.5,4.85,9.7,0.464
0,Rara Neagra de Purcari 2020,13.5,0.75,21.80,29.067,0.464
0,Château Tour Prignac 2020,13.5,0.75,21.80,29.067,0.464
0,Mallaskoski Jeriko Wild Ale,5.6,0.33,3.98,12.061,0.464
0,Iso-Kallan Black Loon,9.0,0.33,6.41,19.424,0.463
0,Santa Margherita Pinot Grigio 2021,12.5,0.75,20.25,27.0,0.463
0,Stone Patio Magic Double IPA tölkki,8.8,0.355,6.75,19.014,0.463
0,Lervig Passion Tang Sour Ale tölkki,7.0,0.33,4.99,15.121,0.463
0,Le Carline Venezia Cabernet Franc 2021,12.5,0.75,20.25,27.0,0.463
0,Glen Moray Elgin Heritage 15 Year Old Single Malt,40.0,0.7,60.50,86.429,0.463
0,The Velvet Devil Merlot 2019,13.5,0.75,21.88,29.173,0.463
0,Albet i Noya Les Timbes 2019,14.5,0.75,23.50,31.333,0.463
0,Bock Cabernet Franc 2019,14.5,0.75,23.50,31.333,0.463
0,Hiisi Iku-Tihku Masala Stout,7.5,0.33,5.35,16.212,0.463
0,The Demon's Share 12 Year Old,41.0,0.7,62.00,88.571,0.463
0,Château d'Auzanet Cuvée des Abailles 2019,12.5,0.75,20.27,27.027,0.463
0,Hoegaarden Witbier,4.9,0.33,3.49,10.576,0.463
0,Pietramore Montepulciano d'Abruzzo 2019,14.0,0.75,22.68,30.24,0.463
0,Hiisi Pirunpelto Doppelbock,7.5,0.33,5.35,16.212,0.463
0,Gallia Extrawurst,9.8,0.33,6.99,21.182,0.463
0,Dingle Single Malt,46.3,0.7,69.98,99.971,0.463
0,Hiisi Tahva Baltic Porter,7.5,0.33,5.35,16.212,0.463
0,Casa Silva Cool Coast Pinot Noir 2019,14.0,0.75,22.72,30.293,0.462
0,Mimas Finca la Font de Jui Extra Brut 2017,12.5,0.75,20.31,27.08,0.462
0,Maxwell Honey Mead,12.5,0.75,20.28,27.04,0.462
0,Fernand Engel Crémant d´Alsace Tradition Brut,12.0,0.75,19.49,25.987,0.462
0,Kungfu Girl Riesling Magnum 2020,12.0,1.5,38.98,25.987,0.462
0,Moulin de Gassac Pont de Gassac 2021,13.5,0.75,21.90,29.2,0.462
0,Kelman Tinto 2017,13.5,0.75,21.90,29.2,0.462
0,Spritz Almare Hugo,8.0,0.75,12.98,17.307,0.462
0,Jaloviina *,38.0,0.04,3.29,82.25,0.462
0,Hailuodon Märzen Luomuolut,6.3,0.75,10.23,13.64,0.462
0,Fresita,8.0,0.75,12.99,17.32,0.462
0,Lanzerac Chardonnay 2021,13.5,0.75,21.90,29.2,0.462
0,Spritz Almare Classico,8.0,0.75,12.98,17.307,0.462
0,Wolfberger Crémant d'Alsace Magnum Brut,12.0,1.5,38.98,25.987,0.462
0,Val d'Oca Bioldo Asolo Prosecco Superiore Extra Dry,11.0,0.75,17.89,23.853,0.461
0,Les Équilibristes Pic Poul 2021,13.5,0.75,21.98,29.307,0.461
0,Château Sègue Longue Monnier 2014,13.0,1.5,42.33,28.22,0.461
0,Antinori Pèppoli 2022,13.5,0.75,21.95,29.267,0.461
0,Soligo Col de Mez Prosecco Extra Dry,11.0,0.75,17.89,23.853,0.461
0,Plantation Jamaica Vintage 2007,48.4,0.7,73.50,105.0,0.461
0,Les Équilibristes Hirsute Blanc 2021,13.5,0.75,21.98,29.307,0.461
0,Kilchoman Machir Bay Single Malt,46.0,0.7,69.78,99.686,0.461
0,Vilarnau Cava Orgánico Brut Reserva,11.5,0.2,4.99,24.95,0.461
0,Codorníu Rosado Cava Brut,11.5,0.2,4.99,24.95,0.461
0,Tenuta Carretta Barbera d'Alba 2021,14.0,0.75,22.76,30.347,0.461
0,Willm Pinot Noir 2022,12.5,0.75,20.35,27.133,0.461
0,Gancia Prosecco Brut,11.5,0.2,4.99,24.95,0.461
0,Codorníu Organic Cava Brut,11.5,0.2,4.99,24.95,0.461
0,Bruichladdich The Classic Laddie Single Malt,50.0,0.7,75.99,108.557,0.461
0,Boffa Dolcetto D’Alba 2022,13.5,0.75,21.98,29.307,0.461
0,Ernst Triebaumer Rust Gruner Veltliner 2021,14.0,0.75,22.78,30.373,0.461
0,G.D Vajra Dolcetto d'Alba 2021,13.5,0.75,21.99,29.32,0.46
0,Nerone Primitivo Diciottigradi 2021,18.0,0.75,29.33,39.107,0.46
0,Ilegal Joven Mezcal,40.0,0.7,60.86,86.943,0.46
0,Kuentz-Bas Auxerrois Trois Châteaux 2018,13.5,0.75,21.99,29.32,0.46
0,Hannes Reeh Rohstoff Chardonnay 2020,14.0,0.75,22.81,30.413,0.46
0,Bellingham The Bernard Series Old Vine Chenin Blanc 2020,13.5,0.75,21.99,29.32,0.46
0,Lan Reserva 2017,13.5,0.75,21.99,29.32,0.46
0,Wente Sandstone Merlot 2020,13.5,0.75,21.99,29.32,0.46
0,Bone Machine Garden of Death NEIPA tölkki,7.0,0.44,6.70,15.227,0.46
0,Hunawihr Riesling Grand Cru Rosacker 2022,13.5,0.75,21.99,29.32,0.46
0,Pizzolato Prosecco Biologico Extra Dry 2022,11.0,0.2,4.78,23.9,0.46
0,An Dúlamán Santa Ana Armada Strength Gin,57.0,0.5,61.98,123.96,0.46
0,Freixo Terroir Red 2018,13.5,0.75,21.99,29.32,0.46
0,Oslo Dream Porter,6.5,0.33,4.66,14.121,0.46
0,Apis Piastowski Trójniak,13.0,0.75,21.25,28.333,0.459
0,That Boutique-y Gin Company Expeditionary Gin,44.5,0.5,48.47,96.94,0.459
0,Dissegna Millesimato Prosecco Extra Dry 2022,11.0,0.75,17.98,23.973,0.459
0,Denada Natural White  2019,12.0,0.75,19.59,26.12,0.459
0,Big Belly Liquid Dessert 08 Salted Fudge Hazelnut Brownie Porter,10.0,0.33,7.19,21.788,0.459
0,Abavas Nordic Apple and Grapefruit,5.6,0.33,4.03,12.212,0.459
0,Thörle Riesling Feinherb 2021,11.0,0.75,17.98,23.973,0.459
0,Mar De Ons Albarino 2020,13.0,0.75,21.23,28.307,0.459
0,Plantation Barbados 20th Anniversary XO,40.0,0.7,60.98,87.114,0.459
0,Rothaus Hefe Weizen,5.4,0.5,5.89,11.78,0.458
0,Arthur Metz Crémant d'Alsace 1904 Brut,12.5,0.75,20.48,27.307,0.458
0,Château Trébiac Graves Rouge 2019,14.0,0.75,22.95,30.6,0.458
0,Gomez Cruzado Blanco 2016,13.0,0.75,21.28,28.373,0.458
0,Saint Brendan's Irish Cream,17.0,0.7,25.98,37.114,0.458
0,Laitilan Oiva Kuiva Luomuomenasiideri,5.2,0.33,3.75,11.364,0.458
0,Sonnisaari Aasi'22 Imperial Stout,11.0,0.33,7.92,24.0,0.458
0,Prunotto Mompertone 2020,14.0,0.75,22.95,30.6,0.458
0,Kimito Rye Rauch Lager,6.8,0.33,4.90,14.848,0.458
0,Verrocchio Prosecco Rosè Extra Dry,11.0,0.2,4.80,24.0,0.458
0,Mallassepät Triple Dry Hopped IPA tölkki,7.2,0.33,5.19,15.727,0.458
0,Luigi Bosca Cabernet Franc  2015,14.0,0.75,22.98,30.64,0.457
0,Bestheim Pinot Gris Grand Cru Zinnkoepfle 2019,14.0,0.75,22.98,30.64,0.457
0,Cantina Tramin Selida Gewürztraminer 2022,14.0,0.75,22.99,30.653,0.457
0,Armunji Chinuri 2016,14.0,0.75,22.99,30.653,0.457
0,Rigal Troisième Terrasse Malbec 2018,14.0,0.75,22.99,30.653,0.457
0,Nadal Hainaut Alexandrie Muscat 2021,13.0,0.75,21.32,28.427,0.457
0,Nadal Hainaut 3 Sources Macabeu 2021,13.0,0.75,21.32,28.427,0.457
0,Bols Advocaat,15.0,0.5,16.42,32.84,0.457
0,Triennes Viognier Sainte Fleur 2019,14.0,0.75,22.99,30.653,0.457
0,Pühaste Mosaiik Vienna IPA tölkki,6.9,0.33,4.98,15.091,0.457
0,Sori Electric Cake,11.0,0.33,7.95,24.091,0.457
0,Meukow VSOP Superior,40.0,0.5,43.79,87.58,0.457
0,Berta Dunaj 2019,14.0,0.75,22.98,30.64,0.457
0,Hiisi Iku-Turso Barrel Aged Imperial Stout,9.0,0.33,6.50,19.697,0.457
0,Gérard Bertrand Heritage Kosmos Organic 2020,14.0,0.75,22.98,30.64,0.457
0,Jack Daniel's Single Barrel Select,45.0,0.7,68.98,98.543,0.457
0,Maria Caterina Rosso di Montepulciano 2021,14.0,0.75,22.99,30.653,0.457
0,Lionel Osmin Cami Salié Jurançon 2020,14.0,0.75,22.99,30.653,0.457
0,Kvarken The Blacksmith IPA,6.7,0.33,4.84,14.667,0.457
0,Jean-Luc Pasquet L´Organic 07,40.0,0.7,61.34,87.629,0.456
0,Brooklyn Lager,5.2,0.33,3.76,11.394,0.456
0,Maset (nu) Reserva Organic Cava Brut,11.5,0.75,18.90,25.2,0.456
0,Bricco Bastia Dolcetto d'Alba 2021,13.5,0.75,22.18,29.573,0.456
0,La Quince & Cervesa Guineu Vanilla Black Velvet 2022,9.5,0.33,6.87,20.818,0.456
0,Medici Ermete Concerto Reggiano Lambrusco 2022,11.5,0.75,18.90,25.2,0.456
0,Oniric Pet Nat 2022,11.5,0.75,18.90,25.2,0.456
0,Thevenet & Fils Mâcon Milly-Lamartine 2022,13.5,0.75,22.19,29.587,0.456
0,Takatalo & Tompuri Kaski Kylmäsavulager,5.0,0.33,3.62,10.97,0.456
0,Kalleske Florentine Chenin Blanc 2021,12.0,0.75,19.80,26.4,0.455
0,Salomon Undhof Franciscus Grüner Veltliner 2022,12.0,0.75,19.79,26.387,0.455
0,Botran Solera 1893,40.0,0.7,61.55,87.929,0.455
0,Pequenos Rebentos Loureiro 2022,12.0,0.75,19.80,26.4,0.455
0,Dow's 10 Year Old Tawny Port,20.0,0.75,32.99,43.987,0.455
0,Blandy's 5 Year Old Reserva Rich Madeira,19.0,0.5,20.89,41.78,0.455
0,Fernand Engel Pinot Noir Elevé en Fût de Chêne 2021,14.5,0.75,23.90,31.867,0.455
0,Elit Vodka,40.0,0.5,43.99,87.98,0.455
0,Redoma Rosé 2022,12.0,0.75,19.79,26.387,0.455
0,Malmgård Bourbon Barrel Stout,11.0,0.33,7.97,24.152,0.455
0,Lecompte 5 Ans Calvados,40.0,0.7,61.53,87.9,0.455
0,Nadal Original Reserva Corpinnat Brut,12.0,0.75,19.79,26.387,0.455
0,Domdechant Werner Hochheim Riesling Classic 2021,12.0,0.75,19.79,26.387,0.455
0,Ägräs Long Drink Nordic Nettle with Akvavit tölkki,5.5,0.33,3.99,12.091,0.455
0,Pio Cesare Barbera d'Alba 2022,14.5,0.75,23.90,31.867,0.455
0,Val d'Oca Rive di San Pietro di Barbozza Prosecco Brut 2022,11.5,0.75,18.99,25.32,0.454
0,Maset L'avi Pau Gran Reserva Cava Brut Nature 2020,11.5,0.75,18.98,25.307,0.454
0,Coppola Diamond Collection Zinfandel 2021,14.5,0.75,23.98,31.973,0.454
0,Substance Ch Chardonnay 2020,13.5,0.75,22.30,29.733,0.454
0,Trediberri Barbera d'Alba 2022,14.5,0.75,23.98,31.973,0.454
0,Perelada Cuvée Especial Cava Brut Nature 2021,11.5,0.75,18.99,25.32,0.454
0,Oriol Rossell Cuvée Especial Reserva Cava Brut,11.5,0.75,19.01,25.347,0.454
0,Casa Rojo CL98 2020,14.5,0.75,23.98,31.973,0.454
0,Säde Arctic Sparkling Wine Sec,12.5,0.75,20.64,27.52,0.454
0,Drápy Grüner Veltliner 2021,11.5,0.75,18.99,25.32,0.454
0,Greywacke Sauvignon Blanc 2022,13.5,0.75,22.30,29.733,0.454
0,Lyrarakis Psarades Dafni 2021,12.0,0.75,19.82,26.427,0.454
0,Sierra Nevada Big Little Thing Imperial IPA tölkki,9.0,0.355,7.03,19.803,0.454
0,Poderi Cellario Langhe Favorita Lafrea 2021,12.0,0.75,19.82,26.427,0.454
0,Michael David 6th Sense Syrah 2020,15.0,0.75,24.80,33.067,0.454
0,Hardy Legend 1863,40.0,0.7,61.68,88.114,0.454
0,Sun Goddess Pinot Grigio Ramato 2020,12.5,0.75,20.71,27.613,0.453
0,Nonino il Prosecco di Grappa,38.0,0.5,41.98,83.96,0.453
0,Kalevala London Dry Gin,46.3,0.1,10.23,102.3,0.453
0,Finglassie Rest & Be Thankful 5 Year Old Batch #1 Single Malt 2017,46.0,0.7,71.16,101.657,0.453
0,Huyghe Delirium Deliria 2021,8.5,0.75,14.08,18.773,0.453
0,Sun Goddess Sauvignon Blanc 2020,12.5,0.75,20.71,27.613,0.453
0,Valdibella Sulle Bucce Bianco 2020,13.5,0.75,22.37,29.827,0.453
0,Aviva Aperitivo,8.0,0.75,13.24,17.653,0.453
0,Nadal Hainaut 3 Sources Rosé de Syrah 2021,13.0,0.75,21.50,28.667,0.453
0,Herr Mehling 2021,12.0,0.75,19.85,26.467,0.453
0,VOV Liquore all'Uovo,17.8,0.7,27.59,39.414,0.452
0,Pirulan Punainen,10.5,0.75,17.41,23.213,0.452
0,Poli Cleopatra Amarone Oro Grappa,40.0,0.7,61.98,88.543,0.452
0,Kattus Brokat Brut,12.0,0.75,19.89,26.52,0.452
0,Montanaro Vermouth di Torino Bianco,16.0,0.75,26.53,35.373,0.452
0,Domaine de la Pépière Muscadet 2022,12.0,0.75,19.89,26.52,0.452
0,Glenfarclas 105 Cask Strength Single Malt,60.0,0.7,93.02,132.886,0.452
0,Kamara Retsina 2020,12.5,0.5,13.84,27.68,0.452
0,Mallassepät Pint Please Double NEIPA tölkki,8.2,0.33,5.99,18.152,0.452
0,Schweinhardt Riesling Kabinett Langenlonsheimer Löhrer Berg 2018,12.0,0.75,19.93,26.573,0.452
0,Fernand Engel Pinot Noir Rosé 2022,12.0,0.75,19.89,26.52,0.452
0,Jaloviina Cola tölkki,5.0,0.33,3.65,11.061,0.452
0,Salva tu Alma Cava Brut Nature,12.0,0.75,19.90,26.533,0.452
0,Omnipollo Eliphas Double IPA tölkki,8.1,0.44,7.89,17.932,0.452
0,Mallaskoski Poseidon Rum Barrel Aged Imperial Pils,8.6,0.33,6.29,19.061,0.451
0,Bernard-Massard Sélection Demi-Sec,12.0,0.375,9.98,26.613,0.451
0,Sebastian Erbeldinger Sauvignac 2021,12.0,0.75,19.97,26.627,0.451
0,Costaross Rosè Prosecco Extra Dry 2020,11.0,0.75,18.31,24.413,0.451
0,Tommasi Ripasso Valpolicella 2020,13.5,0.75,22.45,29.933,0.451
0,Viinielämää Sauvignon Blanc Riesling 2021,12.5,0.75,20.77,27.693,0.451
0,Petra Unger Furth Q Kremstal Grüner Veltiliner 2022,12.0,0.75,19.95,26.6,0.451
0,Glenglassaugh Sandend Single Malt,50.5,0.7,78.40,112.0,0.451
0,Mozart Dark Chocolate,17.0,0.5,18.84,37.68,0.451
0,Helfrich Cuvee Cremant d'Alsace Brut,12.0,0.75,19.99,26.653,0.45
0,Togouchi,40.0,0.7,62.24,88.914,0.45
0,Roger Goulart Organic Reserva Cava Brut 2019,12.0,0.75,19.99,26.653,0.45
0,Légende de Louis Vallon Crèmant de Bordeaux Brut 2017,12.0,0.75,19.99,26.653,0.45
0,Pyynikin Koivu Vodka,40.0,0.5,44.44,88.88,0.45
0,De Chanceny Crémant de Loire Brut,12.0,0.75,19.99,26.653,0.45
0,Loimaan Tyrnä Bourbon Barrel Aged Imperial Stout,10.0,0.33,7.34,22.242,0.45
0,Diwald Grüner Veltliner vom Löss 2022,12.0,0.75,19.99,26.653,0.45
0,Idi di Marzo Perdizione 2019,15.0,0.75,24.99,33.32,0.45
0,Loimer Löyly Grüner Veltliner 2022,12.0,0.75,19.98,26.64,0.45
0,La Braccesca Achelo  2021,14.5,0.75,24.15,32.2,0.45
0,Querciabella Ardalico Chianti Classico 2020,14.0,0.75,23.31,31.08,0.45
0,Shabo Reserve Pinot Grigio 2020,12.0,0.75,19.99,26.653,0.45
0,Weszeli Felix Grüner Veltliner 2022,12.0,0.75,19.99,26.653,0.45
0,Wongraven Morgenstern Riesling 2020,12.0,0.75,19.99,26.653,0.45
0,Neleman Organic Macabeo 2021,12.0,0.75,19.99,26.653,0.45
0,Barth Riesling Trocken 2022,12.0,0.75,19.99,26.653,0.45
0,Thienpont Sarmentine 2021,12.0,0.75,19.99,26.653,0.45
0,Alta Alella PB 2021,12.0,0.75,19.99,26.653,0.45
0,Sierra Nevada Narwhal,10.2,0.355,8.04,22.648,0.45
0,Riffel Grauer Burgunder Trocken 2019,12.0,0.75,19.99,26.653,0.45
0,Albert Bichot Bourgogne Aligoté 2020,12.0,0.75,19.99,26.653,0.45
0,Losi Querciavalle Chianti Classico 2017,13.5,0.75,22.49,29.987,0.45
0,Alta Alella Mirgin Cava Reserva Brut Nature Rosé 2019,12.0,0.75,19.99,26.653,0.45
0,Tbilvino Qvevris Rkatsiteli 2020,12.0,0.75,19.99,26.653,0.45
0,Mandilari Plakoura 2018,14.0,0.75,23.31,31.08,0.45
0,Böhme & Töchter Saale-Unstrut Riesling 2021,12.0,0.75,19.99,26.653,0.45
0,Riffel Scheurebe Sauvignon Blanc Trocken 2020,12.0,0.75,19.99,26.653,0.45
0,Bulmers Original,4.5,0.5,5.00,10.0,0.45
0,Brinkhall´s Sparkling Brut,12.0,0.75,19.98,26.64,0.45
0,Pauletts Trillians Sparkling Brut,12.5,0.2,5.56,27.8,0.45
0,Laposa Kéknyelü 2020,12.0,0.75,19.99,26.653,0.45
0,Folie by Gassac 2021,12.0,0.75,19.99,26.653,0.45
0,Piqueras VS 2015,15.0,0.75,24.99,33.32,0.45
0,Tornion Routa Imperial Stout,9.5,0.33,6.97,21.121,0.45
0,Aveleda Solos de Xisto 2021,12.0,0.75,19.99,26.653,0.45
0,Bunnahabhain 12 Year Old Single Malt,46.3,0.7,71.98,102.829,0.45
0,Légende de Louis Vallon Rose Crèmant de Bordeaux Brut,12.0,0.75,19.99,26.653,0.45
0,Põhjala Double Kosmos DIPA tölkki,8.0,0.44,7.83,17.795,0.45
0,Karl Haidle Ritzling Riesling 2021,12.0,0.75,19.98,26.64,0.45
0,Spanier-Gillot Nokka Riesling 2020,12.0,0.75,19.99,26.653,0.45
0,Borgo dei Guidi 2017,14.5,0.75,24.19,32.253,0.45
0,Thornbridge Hirundo Springtime Pale Ale,4.5,0.5,5.00,10.0,0.45
0,Sierra Milenario Fumado Blanco Tequila,41.5,0.7,64.59,92.271,0.45
0,Gnarly Head 1924 Whiskey Barrel Aged Red Blend 2021,15.0,0.75,24.99,33.32,0.45
0,Frescobaldi Alìe Rosé 2022,12.0,0.75,19.99,26.653,0.45
0,Matteo Correggia Barbera d'Alba 2021,14.0,0.75,23.33,31.107,0.45
0,Hewitson Gun Metal Riesling 2021,12.5,0.75,20.90,27.867,0.449
0,Le Contesse Prosecco Extra Dry,11.0,0.2,4.90,24.5,0.449
0,Romano Levi Grappa Bianca,45.0,0.7,70.15,100.214,0.449
0,Lepaan Ruusuinen,21.0,0.5,23.40,46.8,0.449
0,Mossburn Glentauchers 2008 Single Malt,46.0,0.7,71.71,102.443,0.449
0,Mallassepät Bean Me Up tölkki,6.5,0.33,4.78,14.485,0.449
0,Baileys Birthday Cake,17.0,0.7,26.49,37.843,0.449
0,Lepaan Vadelmainen,21.0,0.5,23.40,46.8,0.449
0,Beyoba Akhisar Sauvignon Blanc 2021,12.5,0.75,20.94,27.92,0.448
0,Loimaan Hop Hop DIPL,9.0,0.33,6.63,20.091,0.448
0,Lagavulin 8 Year Old Single Malt,48.0,0.7,74.99,107.129,0.448
0,Jack Daniel's Cola tölkki,5.0,0.33,3.68,11.152,0.448
0,Amarula Marula Fruit Cream,17.0,0.35,13.28,37.943,0.448
0,Heppenheimer Souvignier Gris Spätlese trocken 2021,12.0,0.75,20.14,26.853,0.447
0,Talisker 10 Year Old Single Malt,45.8,0.2,20.48,102.4,0.447
0,Pflüger Blanc de Noir  2022,12.5,0.75,20.98,27.973,0.447
0,Avgvstvs Microvinificacions Xarel-lo Vermell 2019,12.5,0.75,20.98,27.973,0.447
0,Plantation Guyana Vintage 2007,51.0,0.7,79.95,114.214,0.447
0,Glenglassaugh 12 Year Old Single Malt,45.0,0.7,70.44,100.629,0.447
0,Speri Valpolicella Classico 2022,12.5,0.375,10.49,27.973,0.447
0,Tenuta Iuzzolini Principe Spinelli 2020,13.0,0.75,21.80,29.067,0.447
0,Larsen VSOP 4cl muovipullo,40.0,0.04,3.58,89.5,0.447
0,Chronicle Vineyards Red 2019,13.0,0.75,21.82,29.093,0.447
0,Pequenos Rebentos Alvarinho & Trajadura 2022,12.0,0.75,20.12,26.827,0.447
0,Ainoa Silkki 2020,12.5,0.75,20.98,27.973,0.447
0,Selva Capuzza Groppello 2020,12.5,0.75,20.98,27.973,0.447
0,Muros Antigos Alvarinho  2020,12.5,0.375,10.49,27.973,0.447
0,Martell VS Single Distillery 12-pack,40.0,0.6,53.75,89.583,0.447
0,Tornion Arctic IPA tölkki,5.5,0.44,5.43,12.341,0.446
0,Loch Lomond Single Cask 2011 Single Malt,57.0,0.7,89.55,127.929,0.446
0,Arctic Blue Gin,46.2,0.05,5.18,103.6,0.446
0,Plevna Siperia Imperial Stout,8.0,0.33,5.92,17.939,0.446
0,André Stentz Riesling 2016,12.5,0.75,21.02,28.027,0.446
0,Stadin American Mosaical Lager,5.3,0.33,3.92,11.879,0.446
0,Txakoli Rezabal,11.5,0.75,19.32,25.76,0.446
0,Tornion Laavu Smoky ESB tölkki,5.5,0.44,5.43,12.341,0.446
0,Le Contesse Prosecco Organic Brut Magnum,11.0,1.5,37.00,24.667,0.446
0,Saint Clair Vicar’s Choice Sauvignon Blanc Rosé Bright Light 2021,9.5,0.75,15.99,21.32,0.446
0,Claude Chatelier XO Extra Old,40.0,0.7,62.90,89.857,0.445
0,XXVI Talhas Palhete do Tareco 2021,13.0,0.75,21.90,29.2,0.445
0,Pittnauer Rosé König 2022,11.5,0.75,19.38,25.84,0.445
0,Poli Grappa Due Barili,40.0,0.7,62.99,89.986,0.445
0,Claude Chatelier XO,40.0,0.5,44.98,89.96,0.445
0,Popup Sparkling Brut 2018,13.0,0.75,21.90,29.2,0.445
0,Fettercairn 12 Year Old Single Malt,40.0,0.7,62.99,89.986,0.445
0,Kiss Cold Gin,40.0,0.5,44.99,89.98,0.445
0,Hiisi Peri Cold IPA,7.0,0.33,5.19,15.727,0.445
0,Xavier Côtes du Rhône Villages 2020,15.0,0.75,25.28,33.707,0.445
0,Glöet Gold Sparkling & Seasonal Spices,8.0,0.75,13.49,17.987,0.445
0,United Gypsies Parc de la Motuekapo Saison tölkki,5.8,0.33,4.30,13.03,0.445
0,Dupont Bière de Miel Biologique,8.0,0.33,5.93,17.97,0.445
0,Smith Woodhouse Late Bottled Vintage Port 2010,20.0,0.75,33.70,44.933,0.445
0,Halve Maan Straffe Hendrik Tripel,9.0,0.33,6.67,20.212,0.445
0,Laugar Aupa Tovarisch Russian Imperial Stout Aged in Ardbeg Barrels,13.5,0.33,10.01,30.333,0.445
0,Edna Valley Sauvignon Blanc 2018,13.0,0.75,21.89,29.187,0.445
0,Glöet Rosé Sparkling & Seasonal Spices,8.0,0.75,13.49,17.987,0.445
0,Bruno Verret Métisse Crémant de Bourgogne Vieilli en fût de chêne Brut,12.5,0.75,21.12,28.16,0.444
0,Antons Lång Drink Lingon,5.5,0.275,3.41,12.4,0.444
0,La Spinetta Il Nero Di Casanova 2019,13.5,0.75,22.81,30.413,0.444
0,Les Équilibristes Hirsute Rouge 2021,13.0,0.75,21.98,29.307,0.444
0,Berneroy XO Calvados,40.0,0.05,4.50,90.0,0.444
0,BenMarco Malbec 2020,14.5,0.75,24.49,32.653,0.444
0,Antons Lång Drink Svartvinbär,5.5,0.275,3.41,12.4,0.444
0,Juvé y Camps Cinta Purpura Reserva Cava Brut 2018,12.0,0.75,20.27,27.027,0.444
0,Bothnia Bay Cava Brut Nature 2021,12.0,0.75,20.27,27.027,0.444
0,De Dolle Brouwers Stille Nacht,12.0,0.33,8.92,27.03,0.444
0,Wicklow Wolf Arcadia Gluten Free Lager tölkki,4.3,0.44,4.26,9.682,0.444
0,Hiisi Huu Red Wine Old Ale,8.0,0.33,5.95,18.03,0.444
0,Elusia Pinot Grigio Bio Vegan 2021,12.0,0.75,20.27,27.027,0.444
0,Eymann Vom Löss Weißburgunder 2022,12.0,0.75,20.25,27.0,0.444
0,Cigar City Jai Alai IPA tölkki,7.5,0.355,5.99,16.873,0.444
0,Fre Körper Kultur Weiss 2022,11.0,1.0,24.77,24.77,0.444
0,Kilchoman Machir Bay Cask Strenght Single Malt,58.3,0.7,91.86,131.229,0.444
0,Craggy Range Te Muna Road Vineyard Sauvignon Blanc 2022,12.5,0.75,21.10,28.133,0.444
0,Alvinne Phi Blond Sour Ale,8.0,0.33,5.95,18.03,0.444
0,Conde de Cuba 11 años,38.0,0.7,59.99,85.7,0.443
0,Plantation Fiji Vintage 2004,50.3,0.7,79.49,113.557,0.443
0,Idaia Ocean Thrapsathiri 2020,13.0,0.75,22.01,29.347,0.443
0,Diplomático Selección de Familia,43.0,0.7,67.99,97.129,0.443
0,Valmiñor Albariño 2021,13.0,0.75,21.99,29.32,0.443
0,Château Fontesteau 2014,13.0,0.75,21.99,29.32,0.443
0,Salama Bloody Geezer Imperial Berliner Weisse tölkki,8.0,0.44,7.94,18.045,0.443
0,Paladin Magnum Prosecco Extra Dry 2021,11.0,1.5,37.24,24.827,0.443
0,Château de Riquewihr Riesling Grand Cru Schoenenbourg 2021,13.0,0.75,21.99,29.32,0.443
0,Trediberri Dogliani Bricco Mollea 2020,13.0,0.75,21.99,29.32,0.443
0,Kaiken Ultra Pinot Noir 2021,13.0,0.75,21.99,29.32,0.443
0,Xavier 100 % Rouge 2019,15.0,0.75,25.37,33.827,0.443
0,Kelman Encruzado 2019,13.0,0.75,21.99,29.32,0.443
0,Domaine Loew Sylvaner Westhoffen 2019,13.0,0.75,21.99,29.32,0.443
0,Domaine Zinck Cremant d'Alsace Brut,13.0,0.75,21.99,29.32,0.443
0,Qvevris Saperavi 2019,13.0,0.75,21.99,29.32,0.443
0,Wolfberger La Louve Pinot Noir 2021,13.0,0.75,21.99,29.32,0.443
0,Lepaan Sakasti 2004,20.3,0.75,34.35,45.8,0.443
0,Beautiful Fruit Fragola,5.0,0.75,8.49,11.32,0.442
0,Más Que Vinos Los Conejos Malditos Blanco con Madre 2022,12.5,0.75,21.23,28.307,0.442
0,Taliano Michele A Bon Rendre Barbera d'Alba 2021,13.5,0.75,22.91,30.547,0.442
0,Spargoute Printanière Chénas 2020,13.5,0.75,22.89,30.52,0.442
0,Tropez Rosé 2021,12.5,0.75,21.23,28.307,0.442
0,Villa Maria Single Vineyard Seaspray Sauvignon Blanc 2021,14.0,0.75,23.77,31.693,0.442
0,Le Diciotto Lune Grappa Stravecchia,41.0,0.7,64.99,92.843,0.442
0,Taliano Michele Sernì Roero Arneis 2021,13.5,0.75,22.91,30.547,0.442
0,Waterford Single Farm Origin Hook Head 1.1 Single Malt,50.0,0.7,79.19,113.129,0.442
0,Trenz Grauburgunder 21 2021,12.5,0.75,21.23,28.307,0.442
0,Espera Palheto,11.5,0.75,19.55,26.067,0.441
0,Einstök Toasted Porter,6.0,0.33,4.49,13.606,0.441
0,Turbigo Cuvée Urbaine 2019,13.5,0.75,22.98,30.64,0.441
0,Freixenet Italian Rosé Sparkling Extra Dry,11.0,0.2,4.99,24.95,0.441
0,Raasay Na Sia Single Cask Unpeated Chinkapin Oak Single Malt,61.9,0.7,98.23,140.329,0.441
0,Schlumberger Klassik Rosé Brut 2018,12.0,0.75,20.39,27.187,0.441
0,Baileys Tiramisu,17.0,0.7,26.99,38.557,0.441
0,Laurent Vogt Pinot Gris 2022,14.0,0.75,23.81,31.747,0.441
0,Petit Clos by Clos Henri Pinot Noir 2018,14.0,0.75,23.81,31.747,0.441
0,Ernst Triebaumer Rust Chardonnay 2021,13.5,0.75,22.95,30.6,0.441
0,Moersleutel Azacca x 7 NEDIPA tölkki,8.0,0.44,7.98,18.136,0.441
0,Canti Millesimato Prosecco Extra Dry,11.0,0.2,4.99,24.95,0.441
0,Fiorissimo Prosecco Extra Dry,11.0,0.2,4.99,24.95,0.441
0,Taylor's 10 Year Old Tawny Port,20.0,0.75,33.98,45.307,0.441
0,Paresseux Pastis 1,45.0,0.5,51.04,102.08,0.441
0,Cantina Terlano Lagrein 2021,13.5,0.75,22.95,30.6,0.441
0,Nikka Coffey Grain,45.0,0.7,71.49,102.129,0.441
0,Lunetta Millesimato Prosecco Rosé Extra Dry 2021,11.0,0.2,4.99,24.95,0.441
0,Canti Prosecco Rosé Millesimato Extra Dry 2022,11.0,0.2,4.99,24.95,0.441
0,Celler 9+ Medol Cartoixa 2017,12.5,0.75,21.28,28.373,0.441
0,Raul Perez La Clave 2020,13.5,0.75,22.99,30.653,0.44
0,Vallein Tercinier Pineau Des Charentes Blanc,17.0,0.75,28.99,38.653,0.44
0,Ktima Spiropoulos 2018,12.0,0.75,20.46,27.28,0.44
0,Gallia Piton Noir,9.3,0.33,6.98,21.152,0.44
0,Pazo de San Mauro 2018,12.5,0.75,21.32,28.427,0.44
0,Guerrieri Rizzardi Munus 2019,13.5,0.75,22.99,30.653,0.44
0,Ca'n Verdura Negre 2021,13.5,0.75,22.99,30.653,0.44
0,Mauro Veglio Barbera d'Alba 2020,14.5,0.75,24.72,32.96,0.44
0,Campo al Noce Assiolo 2021,14.5,0.75,24.72,32.96,0.44
0,Piedras de San Pedro Loculto Crianza 2019,14.5,0.75,24.72,32.96,0.44
0,Nicosia Sabbie di Sutta 2020,13.5,0.75,23.00,30.667,0.44
0,Aurelia Reserva Cava Brut Nature,12.0,0.75,20.47,27.293,0.44
0,Querciabella Mongrana 2021,14.5,0.75,24.70,32.933,0.44
0,Rodenbach Grand Cru,6.0,0.33,4.51,13.667,0.439
0,Vecchio Amaro del Capo,35.0,0.05,3.99,79.8,0.439
0,Erdinger Brauhaus Natur Radler,2.6,0.5,2.96,5.92,0.439
0,Delas La Lacomballe 2019,14.5,0.375,12.38,33.013,0.439
0,Bonterra Estate Collection Cabernet Sauvignon 2020,14.0,0.75,23.90,31.867,0.439
0,Brill Törköly Palinka,40.0,0.5,45.52,91.04,0.439
0,Sazerac Rye Straight Rye Whiskey,45.0,0.7,71.75,102.5,0.439
0,Cecilia Beretta Conegliano Valdobbiadene Prosecco Superiore Brut 2022,11.0,0.75,18.80,25.067,0.439
0,Quinta Varzea da Pedra Arinto 2018,14.0,0.75,23.94,31.92,0.439
0,Muteman Rye Whiskey,40.0,0.5,45.60,91.2,0.439
0,AnCnoc 12 Year Old Single Malt,40.0,0.7,63.89,91.271,0.438
0,Domäne Wachau Grüner Veltliner Federspiel Liebenberg 2022,12.5,0.375,10.70,28.533,0.438
0,Domäne Wachau Grüner Veltliner Federspiel Ried Pichlpoint 2022,12.5,0.75,21.40,28.533,0.438
0,Cortecchia Tombola 2017,14.0,0.375,11.99,31.973,0.438
0,Marques de Riscal Reserva 2019,14.0,0.75,23.98,31.973,0.438
0,Mastrojanni Costa Colonne 2020,14.0,0.75,23.98,31.973,0.438
0,Alma Atlántica Sangría Rosé,7.0,0.75,11.99,15.987,0.438
0,MG Spirit Vodka Grapefruit,5.5,0.275,3.45,12.545,0.438
0,Poligonos San Pablo Cabernet Franc 2019,14.0,0.75,23.98,31.973,0.438
0,Stagård Urban R Riesling 2019,12.5,0.75,21.42,28.56,0.438
0,Innis & Gunn Irish Whiskey Cask Oatmeal Stout,6.1,0.33,4.60,13.939,0.438
0,Dos Lusíadas Pinteivera 2015,14.5,0.75,24.82,33.093,0.438
0,Torre Mora Scalunera Rosso 2018,14.0,0.75,23.98,31.973,0.438
0,Protos 9 Meses 2021,14.5,0.75,24.86,33.147,0.437
0,Founders Mas Agave,10.0,0.355,8.12,22.873,0.437
0,Verus Riesling 2020,13.0,0.75,22.32,29.76,0.437
0,Quinta Nova Unoaked 2021,14.0,0.75,24.05,32.067,0.437
0,Substance Sb Sauvignon Blanc 2021,13.0,0.75,22.30,29.733,0.437
0,Samuel Smith Organic Chocolate Stout,5.0,0.55,6.29,11.436,0.437
0,Jean Perrier & Fils Pinot Cuvee Gastronomie  2022,12.0,0.75,20.60,27.467,0.437
0,Oníric Pet Nat Rose 2022,11.0,0.75,18.90,25.2,0.437
0,Verus Furmint 2021,13.0,0.75,22.32,29.76,0.437
0,Readers' Rum Chapter One,43.0,0.5,49.16,98.32,0.437
0,San Martino Buon Bosco Prosecco Extra Dry,11.0,0.75,18.90,25.2,0.437
0,Frei Körper Kultur Rot 2019,12.0,1.0,27.46,27.46,0.437
0,Domaine de la Vieille Eglise Juliénas 2019,14.5,0.75,24.86,33.147,0.437
0,Maku Työmiehen Musta Sahti viinipussi,9.1,1.3,27.08,20.831,0.437
0,Mannucci Droandi Chianti Colli Aretini 2020,14.0,0.75,24.09,32.12,0.436
0,Unison Brewing Golden Ale,5.5,0.33,4.16,12.606,0.436
0,Thomas Hardy's Ale 2018,13.0,0.33,9.85,29.848,0.436
0,Château du Breuil 12 Ans d'Age Calvados,41.0,0.7,65.90,94.143,0.436
0,Bründlmayer Zweigelt 2020,12.5,0.75,21.48,28.64,0.436
0,Gueguen Saint-Bris Curiosite de Bourgogne 2022,12.5,0.75,21.48,28.64,0.436
0,Perlugo Zero,12.5,0.75,21.50,28.667,0.436
0,Ron La Morita Caribeña 15 Años,40.0,0.2,18.33,91.65,0.436
0,Koskenkorva Village Tea,4.7,0.33,3.56,10.788,0.436
0,NOY Classic,40.0,0.5,45.84,91.68,0.436
0,United Gypsies Shala Shalay Hey Hey Caraway tölkki,6.3,0.33,4.77,14.455,0.436
0,Martin Codax Albariño 2021,11.5,0.375,9.88,26.347,0.436
0,La Noblaie Goutte de Rosé 2021,12.5,0.75,21.50,28.667,0.436
0,Say Vodka Seltzer Orange & Guarana tölkki,4.0,0.33,3.03,9.182,0.436
0,Say Vodka Seltzer Strawberry & Raspberry tölkki,4.0,0.33,3.03,9.182,0.436
0,Glenfarclas 105 Single Malt,60.0,0.2,27.54,137.7,0.436
0,Arthur Metz Riesling Grand Cru Altenberg de Bergbieten 2021,12.0,0.75,20.69,27.587,0.435
0,Tuju Pukinkäristys Imperial Stout tölkki,10.0,0.44,10.12,23.0,0.435
0,Nederburg Heritage Heroes The Brew Master 2019,14.5,0.75,24.99,33.32,0.435
0,Auchentoshan Three Wood Single Malt,43.0,0.7,69.17,98.814,0.435
0,The BenRiach 10 Year Old Smoky Ten Single Malt,46.0,0.7,73.98,105.686,0.435
0,Yalumba Samuel's Collection Barossa Shiraz 2022,14.5,0.75,24.99,33.32,0.435
0,Verla Organic Omena,22.0,0.5,25.27,50.54,0.435
0,Bardos Reserva 2018,14.5,0.75,24.99,33.32,0.435
0,Montes Alpha Cabernet Sauvignon 2020,14.5,0.375,12.50,33.333,0.435
0,La Rioja Alta Lat 42 Gran Reserva 2016,14.5,0.75,24.99,33.32,0.435
0,Esporão Reserva 2020,14.5,0.75,24.99,33.32,0.435
0,Alberto Nani Organic Prosecco Extra Dry,11.0,0.375,9.48,25.28,0.435
0,Kopparberg Naked Apple,4.5,0.33,3.41,10.333,0.435
0,XM by Xavier Milhade Saint-Emilion Grand Cru 2018,14.5,0.75,24.99,33.32,0.435
0,Santomè Prosecco Rosé Brut 2020,11.0,0.75,18.98,25.307,0.435
0,Camino Romano Tinto 2020,14.5,0.75,24.99,33.32,0.435
0,Mironia Reserva 2018,14.5,0.75,24.99,33.32,0.435
0,Scrimaglio Barbera d'Asti Superiore 2021,14.5,0.75,24.99,33.32,0.435
0,Beck Pink 2022,11.0,0.75,18.99,25.32,0.434
0,Inspiration Rosé 2022,13.0,0.75,22.49,29.987,0.434
0,Bianco di Grignanello 2020 hanapakkaus,12.5,3.0,86.32,28.773,0.434
0,Bestheim Riesling Grand Cru Schlossberg 2021,13.0,0.75,22.49,29.987,0.434
0,Rochefort Triple Extra,8.1,0.33,6.16,18.667,0.434
0,Drumshanbo Single Pot Still Irish Whiskey,43.0,0.7,69.30,99.0,0.434
0,Jean Biecher Grand Cru Rosacker Riesling  2022,13.5,0.75,23.35,31.133,0.434
0,Renault Carte Noire VSOP,40.0,0.7,64.58,92.257,0.434
0,Naveran Cava Vintage Brut 2020,11.5,0.75,19.89,26.52,0.434
0,Sighardt Donabaum Blauer Portugieser 2021,12.0,0.75,20.75,27.667,0.434
0,Black Snake Single Malt,59.2,0.7,95.49,136.414,0.434
0,Entre Vinyes Oniric Brisat 2022,11.0,0.75,18.99,25.32,0.434
0,Jaillance Icône Crémant de Die Bio Brut 2018,11.5,0.75,19.89,26.52,0.434
0,Jeio Prosecco Rose Brut 2020,11.0,0.75,18.99,25.32,0.434
0,Del Professore Bitter,25.0,0.7,40.34,57.629,0.434
0,Noah's Mill,57.1,0.7,92.20,131.714,0.434
0,Achel Extra Bruin,9.5,0.75,16.40,21.867,0.434
0,Bristol Spirits Trinidad 8 Years Old,43.0,0.7,69.52,99.314,0.433
0,Hinch 10 Years Old Sherry Cask Finish,43.0,0.7,69.47,99.243,0.433
0,Gustav Metsä Gin,43.2,0.05,4.99,99.8,0.433
0,Pagos del Rey Condado de Oriza Gran Reserva 2014,14.0,0.75,24.23,32.307,0.433
0,Malmgård Pineapple DIPA,7.5,0.33,5.71,17.303,0.433
0,Salama Razzie Passion Imperial Berliner Weisse tölkki,8.0,0.44,8.12,18.455,0.433
0,Brookvale Union Ginger Beer tölkki,4.0,0.33,3.05,9.242,0.433
0,Norton Lote Negro 2021,15.0,0.75,25.98,34.64,0.433
0,The English 11 Year Old Single Malt,46.0,0.7,74.30,106.143,0.433
0,Pirula Pirityinen,11.0,0.75,19.04,25.387,0.433
0,Villa Belvedere Amarone della Valpolicella 2017,15.0,0.75,25.98,34.64,0.433
0,Huyghe Delirium Argentum,7.0,0.33,5.34,16.182,0.433
0,Ararat 3 Year Old,40.0,0.5,46.16,92.32,0.433
0,Bat Gara Uno 2019,14.0,0.75,24.23,32.307,0.433
0,Schloss Sommerhausen Silvaner Trocken 2020,11.5,0.375,9.99,26.64,0.432
0,Maison du Vigneron Cuvée 8 Brut,12.0,0.75,20.81,27.747,0.432
0,Yalumba Eden Valley Roussanne 2016,12.5,0.75,21.72,28.96,0.432
0,Tenuta Iuzzolini Artino 2020,14.0,0.75,24.28,32.373,0.432
0,Agitator Argument Kastanj Single Malt,46.0,0.7,74.50,106.429,0.432
0,Ciavolich Divus Montepulciano D´Abruzzo 2019,14.0,0.75,24.30,32.4,0.432
0,Le Contesse Prosecco Rosé Brut Piccolo 2021,11.0,0.2,5.09,25.45,0.432
0,Borgo Salcetino Lucarello Riserva 2019,14.0,0.75,24.28,32.373,0.432
0,Mallassepät Kultaranta Lager,5.2,0.33,3.97,12.03,0.432
0,Dooley's Original Toffee,17.0,0.35,13.78,39.371,0.432
0,Torres Secret del Priorat,13.5,0.75,23.48,31.307,0.431
0,Viña Real Reserva 2016,13.5,0.75,23.48,31.307,0.431
0,Desiderio Jeio Organic Prosecco Brut,11.5,0.75,19.99,26.653,0.431
0,Maurodos Prima 2020,14.5,0.75,25.26,33.68,0.431
0,Attuale Bianco 5,5.5,0.375,4.79,12.773,0.431
0,Mallassepät Baltic Porter tölkki,6.5,0.33,4.98,15.091,0.431
0,Noita Pinot Noir 2021,11.5,0.75,19.99,26.653,0.431
0,Mallassepät Sunset West Coast IPA tölkki,6.5,0.33,4.98,15.091,0.431
0,Andre Delorme Crémant de Bourgogne Rosé Extra Brut,12.0,0.75,20.90,27.867,0.431
0,Attuale Rosso 5,5.5,0.375,4.79,12.773,0.431
0,Tutusaus Gran Reserva Cava Brut Nature 2019,11.5,0.75,19.99,26.653,0.431
0,Vall Dolina Reserva Cava Brut Nature,11.5,0.75,19.99,26.653,0.431
0,Sanz El Loco de Finca La Colina  2022,12.0,0.75,20.90,27.867,0.431
0,La Vida al Camp Rosé Cava Brut 2019,11.5,0.75,19.99,26.653,0.431
0,Celler Credo Miranius 2017,11.5,0.75,19.99,26.653,0.431
0,Baladin Nazionale,6.5,0.33,4.98,15.091,0.431
0,Noita Hex Bag 2021,11.5,0.75,19.99,26.653,0.431
0,Andreola XXIII Bio Valdobbiadene Prosecco Rive di San Pietro di Feletto Brut 2021,11.5,0.75,19.99,26.653,0.431
0,André Delorme Crémant de Bourgogne Blanc de Blancs Brut,12.0,0.75,20.90,27.867,0.431
0,Elusìa Prosecco Extra Dry,11.5,0.75,19.99,26.653,0.431
0,Hiisi Päivä Bock,6.0,0.33,4.60,13.939,0.43
0,Hiisi Pääpäivä Festbier,6.0,0.33,4.60,13.939,0.43
0,Fonseca Unfiltered Late Bottled Vintage Port 2016,20.0,0.75,34.90,46.533,0.43
0,Col d'Orcia Rosso di Montalcino 2020,14.5,0.75,25.31,33.747,0.43
0,Taliano Michele Blagheur Langhe Nebbiolo 2020,14.0,0.75,24.44,32.587,0.43
0,Vale D. Maria Late Bottled Vintage Port 2016,20.0,0.75,34.85,46.467,0.43
0,Roubine La Vie en Rose 2022,12.5,0.75,21.80,29.067,0.43
0,Lost Distillery Dalaruan Blended Malt,43.0,0.7,69.99,99.986,0.43
0,Lost Distillery Jericho Blended Malt,43.0,0.7,69.99,99.986,0.43
0,Veronese Beatrice Damasco Valpolicella 2021,12.5,0.75,21.82,29.093,0.43
0,Amaro Bomba Carta!,33.0,0.7,53.67,76.671,0.43
0,Montes Sparkling Angel Brut,12.5,0.75,21.78,29.04,0.43
0,The GlenDronach 12 Year Old Single Malt,43.0,0.7,69.99,99.986,0.43
0,Atlantis Albariño 2022,12.5,0.75,21.80,29.067,0.43
0,Magners Irish Pear Cider,4.5,0.33,3.45,10.455,0.43
0,Hiisi Ohto Dark Lager,6.0,0.33,4.60,13.939,0.43
0,Lost Distillery Lossit Blended Malt,43.0,0.7,69.99,99.986,0.43
0,Robinsons Trooper IPA,4.3,0.5,5.00,10.0,0.43
0,Zenato Ripassa Valpolicella Superiore 2019,14.0,0.75,24.49,32.653,0.429
0,Il Chiosso Nebbiolo 2021,12.5,0.75,21.84,29.12,0.429
0,Louis Bouillot Crémant de Bourgogne Rose Brut,12.0,0.75,20.98,27.973,0.429
0,Taltarni Brut Taché 2014,12.0,0.75,20.98,27.973,0.429
0,Jean-Marc Bernhard Pinot Gris 2019,13.5,0.75,23.62,31.493,0.429
0,Cuvée les Galfins Pouilly-Fumé 2021,13.0,0.75,22.72,30.293,0.429
0,Alexander Gysler Kammerton Weinheimer Riesling Trocken 2020,12.0,0.75,20.98,27.973,0.429
0,Tornatore Etna Rosso 2019,14.0,0.75,24.49,32.653,0.429
0,Lebenshilfe G Livelab Riesling Trocken 2022,12.0,0.75,20.98,27.973,0.429
0,Laitilan Brändy Long Drink,5.5,0.33,4.23,12.818,0.429
0,Louis Bouillot Cremant de Bourgogne Brut,12.0,0.75,20.98,27.973,0.429
0,Kyrö Malt Rye,47.2,0.5,54.98,109.96,0.429
0,Quinta do Portal Reserva Tinto 2020,14.0,0.75,24.49,32.653,0.429
0,Willm Crémant d'Alsace Rosé Brut,12.0,0.75,20.98,27.973,0.429
0,BlueWhite All Malt Heavy Peated,40.0,0.5,46.66,93.32,0.429
0,Smokehead Rum Rebel Single Malt,46.0,0.7,74.99,107.129,0.429
0,Pure Nordic Distillery Extra Pure Vodka,42.0,0.5,48.99,97.98,0.429
0,Willm Crémant d'Alsace Organic Brut,12.0,0.75,20.98,27.973,0.429
0,Homare Fuji Junmai Ginjo,15.0,0.72,25.20,35.0,0.429
0,Isle of Raasay Na Sia Single Cask Unpeated ex-Rye Cask,62.1,0.7,101.37,144.814,0.429
0,Lepola Heritage Apple Cider,8.0,0.33,6.15,18.636,0.429
0,Tasca Conti d' Almerita Regaleali Rosso 2020,13.0,0.75,22.76,30.347,0.428
0,Cognac Park Mizunara,43.5,0.7,71.18,101.686,0.428
0,Fiskarsin Lampi Wild Ale,5.7,0.375,4.99,13.307,0.428
0,P&N Kotkan Poika French Saison,6.3,0.33,4.86,14.727,0.428
0,Malmgård Dinkel,4.9,0.33,3.78,11.455,0.428
0,Bock's Katajavehnäpukki,7.0,0.33,5.40,16.364,0.428
0,Nikka From The Barrel,51.4,0.5,59.98,119.96,0.428
0,ArtSpritz,11.0,0.7,17.99,25.7,0.428
0,Nikka Coffey Malt,45.5,0.7,74.50,106.429,0.428
0,XXVI Talhas Tinto do Tareco 2021,12.5,0.75,21.90,29.2,0.428
0,Monte Real Tempranillo Blanco 2021,12.5,0.75,21.90,29.2,0.428
0,Ciavolich Aries Pecorino  2022,13.0,0.75,22.79,30.387,0.428
0,Mallassepät Smoky Road Rauchbier tölkki,6.8,0.33,5.25,15.909,0.427
0,Giacomo Fenocchio Roero Arneis 2021,13.5,0.75,23.70,31.6,0.427
0,Põhjala Virvatuli BA Imperial Gruit,13.0,0.33,10.04,30.424,0.427
0,Bowmore 12 Year Old Single Malt,40.0,0.35,32.76,93.6,0.427
0,Spirit of Hven Organic Gin,40.0,0.5,46.88,93.76,0.427
0,Txakoli Rezabal Rosé,11.0,0.75,19.32,25.76,0.427
0,La Spinetta Toscana Vermentino 2022,13.0,0.75,22.81,30.413,0.427
0,Hven Organic Aqua Vitae,40.0,0.5,46.88,93.76,0.427
0,Masi Brolo Campofiorin 2019,14.0,0.75,24.59,32.787,0.427
0,Costaross Biologico Prosecco Brut,11.0,0.75,19.32,25.76,0.427
0,Brinkhall Somersetti tölkki,6.5,0.33,5.02,15.212,0.427
0,Omnipollo Zodiak IPA tölkki,6.2,0.33,4.79,14.515,0.427
0,Loch Lomond Small Batch Single Malt,53.3,0.7,87.68,125.257,0.426
0,Xanadu Exmoor Chardonnay 2019,12.5,0.75,21.99,29.32,0.426
0,Pato & Wouters DNMC Baga 2021,12.5,0.75,21.99,29.32,0.426
0,Malmgård Raparperi Vanilja Sour tölkki,5.0,0.33,3.87,11.727,0.426
0,De Molen Fruit & Kruid Blond,6.2,0.33,4.80,14.545,0.426
0,Banhez Joven Mezcal,42.0,0.7,69.00,98.571,0.426
0,Vocation Love & Hate New England IPA tölkki,7.2,0.44,7.43,16.886,0.426
0,Vocation Life & Death Classic IPA tölkki,6.5,0.44,6.72,15.273,0.426
0,Lia By Nivarius Pet Nat,12.5,0.75,21.99,29.32,0.426
0,Saint Clair Pioneer Block Sawcut Chardonnay 2020,13.0,0.75,22.89,30.52,0.426
0,Roca de les Dotze Noray 2010,15.0,0.75,26.43,35.24,0.426
0,Wolfberger Crémant d'Alsace Chardonnay Élevé en Fût de Chêne Brut 2018,12.5,0.75,21.99,29.32,0.426
0,Basqueland Brewers Cuvée 2022,12.0,0.66,18.58,28.152,0.426
0,Gérard Bertrand Domaine de l'Aigle Pinot Noir 2021,14.5,0.75,25.50,34.0,0.426
0,Fiskarsin Panimo x Pint Please Vadelma-Raparperi Gose tölkki,4.8,0.33,3.73,11.303,0.425
0,Château des Jacques Morgon 2020,14.0,0.75,24.70,32.933,0.425
0,Terre da Vino Barbaresco 2019,14.0,0.75,24.72,32.96,0.425
0,Säde Demi-Sec,12.5,0.75,22.07,29.427,0.425
0,BenRiach The Twelve 12 Year Old Single Malt,46.0,0.7,75.98,108.543,0.424
0,Rampur Double Cask Single Malt,45.0,0.7,74.25,106.071,0.424
0,Château Pigoudet Classic Rosé 2021,13.0,0.75,22.98,30.64,0.424
0,Far Yeast Kagua Rouge,9.0,0.33,7.01,21.242,0.424
0,Château Poitevin 2016,13.0,0.75,22.99,30.653,0.424
0,Stahl Scheurebe 2021,12.5,0.75,22.09,29.453,0.424
0,Casamigos Blanco Tequila,40.0,0.7,65.98,94.257,0.424
0,Château de la Greffière Vieilles Vignes 2020,13.5,0.75,23.90,31.867,0.424
0,Villa Pillo Syrah 2015,13.5,0.75,23.90,31.867,0.424
0,Lervig x Deya Group Dynamic Double IPA tölkki,7.7,0.33,5.99,18.152,0.424
0,Põhjala Helge Gluten Free Pale Ale tölkki,5.0,0.33,3.89,11.788,0.424
0,Chateau Vignelaure Rosé 2021,13.0,0.75,22.99,30.653,0.424
0,Moulin de Gassac Pont de Gassac White 2021,13.0,0.75,22.99,30.653,0.424
0,Sirenya Pinot Grigio 2016,12.5,0.75,22.18,29.573,0.423
0,Romano Levi Grappa di Barolo,42.0,0.7,69.48,99.257,0.423
0,Licor 43 Chocolate,16.0,0.7,26.50,37.857,0.423
0,Hven MerCurious Corn Whisky,45.6,0.5,53.96,107.92,0.423
0,Pierre Ferrand Réserve Double Cask,42.3,0.7,69.98,99.971,0.423
0,Villa dei Pini Basilicata Bianco 2021,12.5,0.375,11.09,29.573,0.423
0,Villa dei Pini Basilicata Rosato 2021,12.5,0.375,11.09,29.573,0.423
0,Lacryma Christi Del Vesuvio Bianco 2019,12.5,0.375,11.09,29.573,0.423
0,Nûr  2019,14.5,0.75,25.70,34.267,0.423
0,Kaesler Avignon 2017,15.0,0.75,26.57,35.427,0.423
0,Domaines Schlumberger Pinot Gris Les Princes Abbés 2017,14.0,0.75,24.80,33.067,0.423
0,Sori Dark Humor Club Port Wine Barrel Aged Imperial Stout,10.2,0.33,7.95,24.091,0.423
0,Coeur du Breuil à la Pomme et à la Vanille,16.0,0.7,26.49,37.843,0.423
0,Sori Blind Engineer Imperial Stout,10.2,0.33,7.95,24.091,0.423
0,Lapostolle Cuvée Alexandre Merlot 2020,14.5,0.75,25.73,34.307,0.423
0,United Gypsies Double Mangover Witbier tölkki,7.0,0.33,5.46,16.545,0.423
0,Hven Hvenus Rye Whisky,45.6,0.5,53.96,107.92,0.423
0,Dow's Crusted Port,20.0,0.75,35.49,47.32,0.423
0,BlueWhite Mil Fhluraichean Malt,58.4,0.5,68.95,137.9,0.423
0,Nixta Licor de Elote,30.0,0.7,49.63,70.9,0.423
0,Duration Dripping Pitch tölkki,6.7,0.44,6.99,15.886,0.422
0,Barao de Vilar Colheita Port 2014,20.0,0.75,35.51,47.347,0.422
0,Can Suriol Reserva Cava Brut Nature 2019,12.0,0.75,21.32,28.427,0.422
0,Basil Hayden's Kentucky Straight Bourbon,40.0,0.7,66.32,94.743,0.422
0,Giacometti Cru des Agriate 2019,13.5,0.75,23.98,31.973,0.422
0,Belle de Brillet Liqueur,30.0,0.35,24.89,71.114,0.422
0,Johannishof Charta Riesling 2021,10.5,0.75,18.68,24.907,0.422
0,Villa Maria Reserve Chardonnay 2020,14.0,0.75,24.89,33.187,0.422
0,Gustavshof Zero S Rotwein 2021,12.5,0.75,22.22,29.627,0.422
0,Hampton Water Rosé 2020,13.5,0.75,23.98,31.973,0.422
0,Pannonhalmi Hemina 2021,14.0,0.75,24.89,33.187,0.422
0,Altos Las Hormigas Terroir Malbec 2018,13.5,0.75,23.98,31.973,0.422
0,Dourakis Monoceros Grenache Rouge Merlot 2022,14.0,0.75,24.86,33.147,0.422
0,Hugel Classic Gewurztraminer 2020,13.5,0.75,23.98,31.973,0.422
0,The Doctors' Sauvignon Blanc 2022,9.5,0.75,16.90,22.533,0.422
0,Kona Big Wave Golden Ale,4.4,0.355,3.70,10.423,0.422
0,Juliusspital Würzburger Abtsleite Silvaner trocken 2016,13.5,0.75,24.00,32.0,0.422
0,Schröder & Schÿler Private Selection Saint Émilion 2021,13.5,0.75,23.98,31.973,0.422
0,Mancino Vermouth Chinato,17.5,0.5,20.75,41.5,0.422
0,Wolfberger Grand Cru Steingrubler Riesling 2018,13.5,0.75,23.98,31.973,0.422
0,XXVI Talhas Branco do Tareco 2021,12.5,0.75,22.22,29.627,0.422
0,Patritti Saperavi 2018,13.5,0.75,23.98,31.973,0.422
0,Guinness Draught Stout tölkki,4.2,0.44,4.39,9.977,0.421
0,Kyrö Napue Gin,46.3,0.1,10.99,109.9,0.421
0,Koskenkorva Salmiakki,32.0,0.04,3.04,76.0,0.421
0,Kylie Minogue Rosé Prosecco Extra Dry 2022,11.0,0.75,19.58,26.107,0.421
0,Codorníu Non Plus Ultra Reserva Organic Cava Brut,11.5,0.75,20.48,27.307,0.421
0,Rivo Gin,43.0,0.5,51.10,102.2,0.421
0,Romano Levi Grappa di Moscato,40.0,0.7,66.46,94.943,0.421
0,Calvet Saint-Emilion Grand Cru 2018,14.0,0.75,24.95,33.267,0.421
0,Codorníu Gran Plus Ultra Rosé Cava Brut,11.5,0.75,20.48,27.307,0.421
0,Sumaridge Pinot Noir 2017,14.0,0.75,24.98,33.307,0.42
0,Creation Chardonnay 2016,14.0,0.75,24.99,33.32,0.42
0,Magners Irish Cider,4.5,0.33,3.54,10.727,0.42
0,Ruosniemen Islay Barrel Imperial Stout 2019,10.0,0.33,7.85,23.788,0.42
0,J. Lohr Riverstone Chardonnay 2021,14.0,0.75,24.99,33.32,0.42
0,Ruosniemen Bourbon Barrel Imperial Stout 2019,10.0,0.33,7.85,23.788,0.42
0,Stagård Urban GV Grüner Veltliner 2018,12.0,0.75,21.42,28.56,0.42
0,Dupont VSOP Calvados,42.0,0.5,49.99,99.98,0.42
0,La Java des Entrefaux Chardonnay 2018,13.5,0.75,24.09,32.12,0.42
0,Brooklyn Bel Air Sour,4.5,0.33,3.54,10.727,0.42
0,Bottega Rosso di Montalcino 2020,14.5,0.75,25.89,34.52,0.42
0,Fiskarsin Metsän Henki Kuusenkerkkä-Ale tölkki,4.5,0.33,3.54,10.727,0.42
0,Badger The Cranborne Poacher Ruby Ale,5.7,0.5,6.78,13.56,0.42
0,Vuona Fraise Gin,47.0,0.5,55.93,111.86,0.42
0,Lan Gran Reserva 2016,14.0,0.75,24.99,33.32,0.42
0,Legaris Crianza 2020,14.5,0.375,12.94,34.507,0.42
0,Sefa Kulla Vranç Special Selection 2016,13.5,0.75,24.09,32.12,0.42
0,Hven Sloe Gin,28.6,0.5,34.06,68.12,0.42
0,Santomè Tai Bianco Parcel #368 2015,14.0,0.75,24.99,33.32,0.42
0,Salama Neon Beast Citra NEIPA tölkki,6.0,0.44,6.29,14.295,0.42
0,Nederburg Heritage Heroes The Motorcycle Marvel 2019,14.0,0.75,24.99,33.32,0.42
0,Mission Gimblett Gravels Reserve Syrah 2020,14.0,0.75,25.01,33.347,0.42
0,Oskar Blues Dale's Pale Ale tölkki,6.5,0.355,5.49,15.465,0.42
0,Krasna Hora Herr Gewürtz 2021,12.5,0.75,22.32,29.76,0.42
0,Santa Caterina Vino Nobile di Montepulciano DOCG 2020,14.0,0.75,24.99,33.32,0.42
0,Kopparberg Fruit Lager Lemon & Lime,5.0,0.33,3.93,11.909,0.42
0,Kvarken Fisherman's Smoked,6.2,0.33,4.87,14.758,0.42
0,Lofotpils Trollfjord,4.7,0.33,3.69,11.182,0.42
0,La Misse di Candialle Chianti Classico 2021,14.0,0.75,24.99,33.32,0.42
0,Te Kairanga Runholder Pinot Noir 2020,14.0,0.75,24.99,33.32,0.42
0,Fernand Engel Riesling Grand Cru Praelatenberg 2020,14.0,0.75,24.99,33.32,0.42
0,Apteekkarin Cognac XO,40.0,0.5,47.64,95.28,0.42
0,Creation Syrah Grenache 2016,14.5,0.75,25.98,34.64,0.419
0,Tenuta Iuzzolini Lumare,13.0,0.75,23.27,31.027,0.419
0,Mount Gay XO Triple Cask Blend,43.0,0.7,71.90,102.714,0.419
0,Moulin d'Issan 2018,14.5,0.75,25.98,34.64,0.419
0,Bründlmayer Grüner Veltliner Kamptal Terrassen 2022,12.5,0.75,22.39,29.853,0.419
0,Ernst Triebaumer Rust Rosé 2021,12.0,0.75,21.50,28.667,0.419
0,Casas Patronales Vigno 2020,14.5,0.75,25.98,34.64,0.419
0,Espera Nat'Cool,12.5,1.0,29.80,29.8,0.419
0,Bottega Tiramisù,17.0,0.5,20.28,40.56,0.419
0,Guerrieri Rizzardi Pojega Valpolicella Ripasso Classico Superiore 2021,14.5,0.75,25.98,34.64,0.419
0,Helsinki Tyrnipontikka,41.7,0.5,49.79,99.58,0.419
0,Zardoz 2016,14.5,0.75,25.96,34.613,0.419
0,Jean Loron Rift 69 Sans Sulfités Ajoutes Rose 2021,12.5,0.75,22.36,29.813,0.419
0,Kalevala Saimaa Aged Gin 2022,38.6,0.5,46.02,92.04,0.419
0,Tuori Oaked Honey Moonshine,40.0,0.5,47.73,95.46,0.419
0,Corte Archi Valpolicella Ripasso Classico Superiore 2018,14.0,0.75,25.05,33.4,0.419
0,Rotari Rosé Brut,12.5,0.2,5.98,29.9,0.418
0,Hiisi Raivoava Rakki Amber IPA,6.2,0.33,4.90,14.848,0.418
0,De Molen Vuur & Vlam IPA,6.2,0.33,4.89,14.818,0.418
0,G.D Vajra Barbera d'Alba 2022,15.0,0.75,26.90,35.867,0.418
0,Cantina Kaltern Rosenmuskateller Moscato Rosa 2018,12.0,0.75,21.51,28.68,0.418
0,Plantation Single Cask Belize Cherry Liqueur Cask Rum 2015,44.8,0.7,74.98,107.114,0.418
0,Maku Rollator Tuplapukki tölkki,8.1,0.33,6.39,19.364,0.418
0,Barón de Ley Tres Viñas Blanco Reserva 2020,13.0,0.75,23.31,31.08,0.418
0,Flatio Valpolicella Ripasso Classico Superiore 2019,14.5,0.75,26.00,34.667,0.418
0,Braastad XO,40.0,0.7,66.98,95.686,0.418
0,Teo Costa Sanmice Barbera D'Alba 2022,13.0,0.75,23.33,31.107,0.418
0,The BenRiach 10 Year Old Single Malt,43.0,0.7,71.99,102.843,0.418
0,Coppo Camp du Rouss 2018,15.0,0.75,26.90,35.867,0.418
0,Matteo Correggia Roero Arneis 2022,13.0,0.75,23.33,31.107,0.418
0,Mallaskoski Routa Havu Sour,5.8,0.33,4.59,13.909,0.417
0,Westmalle Dubbel,7.0,0.75,12.58,16.773,0.417
0,Brocard Bourgogne Chardonnay 2022,12.5,0.75,22.49,29.987,0.417
0,Pizzolato Organic Rose Extra Dry,11.0,0.2,5.28,26.4,0.417
0,Jean-Marie Reverdy La Villaudière Sancerre Rosé 2021,12.5,0.75,22.49,29.987,0.417
0,Mallaskoski Routa Koivikko Sour,5.8,0.33,4.59,13.909,0.417
0,Gustave Lorentz Évidence Pinot Noir  2021,13.0,0.75,23.40,31.2,0.417
0,Moillard Petit Chablis 2022,12.0,0.75,21.59,28.787,0.417
0,The Dandy Costaross Prosecco Extra Dry,11.0,0.2,5.28,26.4,0.417
0,Torbreck Cuvee Juveniles 2019,15.0,0.75,26.98,35.973,0.417
0,Florio Targa Marsala Superiore Riserva Semisecco 2007,19.0,0.5,22.85,45.7,0.416
0,Uusi Oluttehdas Lager,5.0,0.33,3.97,12.03,0.416
0,Uusi Oluttehdas Pilsner,5.0,0.33,3.97,12.03,0.416
0,Oskar Blues Hazy Blues Juicy IPA tölkki,7.0,0.355,5.98,16.845,0.416
0,Kup Cal Serisi Emir Sultaniye 2019,13.0,0.75,23.46,31.28,0.416
0,North Brewing Transmission IPA tölkki,6.9,0.44,7.29,16.568,0.416
0,Allan Scott Marlborough Pinot Noir 2022,13.5,0.375,12.18,32.48,0.416
0,Scriani Lugana,12.5,0.75,22.53,30.04,0.416
0,Mallaskoski Routa Omenatarha Sour,5.8,0.33,4.60,13.939,0.416
0,Helsinki Akvavit,41.5,0.05,4.99,99.8,0.416
0,Volpe Pasini Grivò Pinot Grigio 2022,12.0,0.75,21.70,28.933,0.415
0,Baud l'Etoile 2020,13.0,0.75,23.51,31.347,0.415
0,Belvedere Heritage 176,40.0,0.7,67.49,96.414,0.415
0,Oskar Blues Ten Fidy Imperial Stout tölkki,10.5,0.355,8.98,25.296,0.415
0,Vana Kalev Imperial Baltic Porter Wild Turkey BBA,13.5,0.33,10.74,32.545,0.415
0,Ritterguts Gose Original,4.7,0.5,5.66,11.32,0.415
0,Lumo White Dry,11.5,0.5,13.85,27.7,0.415
0,Port Charlotte 10 Year Old Single Malt,50.0,0.7,84.38,120.543,0.415
0,Meinklang Epic Pet Nat 2022,10.5,0.75,18.99,25.32,0.415
0,Mallaskoski Berry Berliner,4.4,0.33,3.50,10.606,0.415
0,Laurent Vogt Les Perles Rares 2020,13.5,0.75,24.38,32.507,0.415
0,Sori Triple Exotic Fruit Punch tölkki,7.5,0.33,5.96,18.061,0.415
0,Barth Fructus Riesling 2022,10.5,0.75,18.99,25.32,0.415
0,Akashi Meïsei,40.0,0.5,48.19,96.38,0.415
0,Heidell Gin,42.0,0.1,10.13,101.3,0.415
0,Kimito RyeWine Rhum Barrel Aged,9.5,0.33,7.58,22.97,0.414
0,Fiskarsin Najadi Tyrni Wild Ale,5.5,0.375,4.98,13.28,0.414
0,Attuale Bianco Frizzante 5,5.5,0.375,4.98,13.28,0.414
0,Alta Alella Merla 2018,13.5,0.75,24.47,32.627,0.414
0,Aberlour A'Bunadh Single Malt,59.1,0.7,99.98,142.829,0.414
0,Can Sumoi Perfum 2021,11.0,0.75,19.95,26.6,0.414
0,Happy Joe Red Love Dry Rose Apple Cider,4.5,0.275,2.99,10.873,0.414
0,United Gypsies Night Kit Golden Strong Ale,11.0,0.33,8.77,26.576,0.414
0,Casal Garcia 5,5.5,0.375,4.98,13.28,0.414
0,Burggarten Signatur Spätburgunder 2018,13.5,0.75,24.48,32.64,0.414
0,Fiskarsin Kaksi Kotia Vailla Humalaa Wild Herb Gruit,5.5,0.375,4.98,13.28,0.414
0,Antech Limoux Blanquette de Limoux Brut,12.0,0.75,21.80,29.067,0.413
0,Loimer Gluegglich Rosé,11.0,0.75,19.99,26.653,0.413
0,Lustau Vermut Blanco,15.0,0.75,27.22,36.293,0.413
0,Genys Imperial Tropical Sour Ale tölkki,8.0,0.44,8.52,19.364,0.413
0,Noita Flux Lumen 2020,11.0,0.75,19.99,26.653,0.413
0,Bread & Butter Prosecco Extra Dry,11.0,0.75,19.99,26.653,0.413
0,Canti Moscato d'Asti 2021,5.5,0.75,9.98,13.307,0.413
0,Villa Conchi Imperial Cava Extra Brut 2018,11.5,0.75,20.90,27.867,0.413
0,Suvi Roséwein 2020,13.0,0.75,23.62,31.493,0.413
0,Noita Kosmos Rosé 2021,11.0,0.75,19.99,26.653,0.413
0,Oniric Sotaterra 2020,11.0,0.75,19.99,26.653,0.413
0,Brunehaut Blanche Organic Gluten Free,5.5,0.33,4.40,13.333,0.413
0,Tormaresca Calafuria 2021,12.0,0.75,21.80,29.067,0.413
0,Josep Foraster Petita Julieta Rosat Trepat 2021,11.0,0.75,19.99,26.653,0.413
0,Bottega Vino Biologico Prosecco Extra dry,11.0,0.75,19.99,26.653,0.413
0,Muga Reserva 2018,14.0,0.75,25.40,33.867,0.413
0,Ruffino Prosecco Organic Dry,11.0,0.75,19.99,26.653,0.413
0,Glengoyne 12 Year Old Single Malt,43.0,0.7,72.91,104.157,0.413
0,Noita Pet Nat 2020,11.0,0.75,19.99,26.653,0.413
0,La Noblaie Les Temps de Cerises 2020,13.0,0.75,23.60,31.467,0.413
0,X-Berg Riesling 2021,12.0,0.375,10.90,29.067,0.413
0,Sorelle Bronca Modi Prosecco Brut,11.0,0.75,19.99,26.653,0.413
0,Karl Haidle Fass 29 Trollinger 2020,11.0,0.75,19.98,26.64,0.413
0,Glenmorangie Lasanta 12 Year Old Single Malt,43.0,0.7,72.90,104.143,0.413
0,La Noblaie Les Blancs Manteaux 2019,13.5,0.75,24.50,32.667,0.413
0,Poli Segretario di Stato Whisky,43.0,0.7,72.90,104.143,0.413
0,Heinrich Naked Rosé 2020,11.0,0.75,19.99,26.653,0.413
0,Unison Brewing Brown Ale,5.2,0.33,4.17,12.636,0.412
0,Zisola Sicilia Noto Rosso 2020,12.5,0.75,22.78,30.373,0.412
0,Cocchi Rosé Brut,12.0,0.75,21.82,29.093,0.412
0,Cascina Boschetti Gomba Barolo 2019,14.0,0.75,25.48,33.973,0.412
0,Val de Rance Granny Smith Cidre Brut,4.0,0.75,7.28,9.707,0.412
0,Einstök Arctic Pale Ale,5.6,0.33,4.49,13.606,0.412
0,Glendalough 7 Year Old Mizunara Finish Single Malt,46.0,0.7,78.10,111.571,0.412
0,Domaine de l'Aigle Limoux Chardonnay 2021,14.0,0.75,25.50,34.0,0.412
0,Loudenne Les Jardins Organic Rose 2019,12.0,0.75,21.86,29.147,0.412
0,Roberto Sarotto Barbaresco Riserva 2018,14.0,0.75,25.50,34.0,0.412
0,Peter Lehmann The Barossan Shiraz 2019,14.5,0.75,26.40,35.2,0.412
0,Michel Rolland Mariflor Sauvignon Blanc 2018,14.5,0.75,26.39,35.187,0.412
0,Avondale Anima Chenin Blanc 2019,13.0,0.75,23.69,31.587,0.412
0,Cocchi Brut,12.0,0.75,21.82,29.093,0.412
0,Turasan Emir 2019,14.5,0.75,26.46,35.28,0.411
0,Geyerhof Hoher Rain Grüner Veltliner 2022,12.5,0.75,22.79,30.387,0.411
0,Ruffino Santedame Chianti Classico Organic 2022,14.5,0.75,26.48,35.307,0.411
0,Mathildedalin Teijo IPA,6.9,0.33,5.54,16.788,0.411
0,Tuju Entistä Kovempi Paketti Imperial Stout,10.0,0.33,8.02,24.303,0.411
0,Maku Sinneppäi Omenasiideri tölkki,5.0,0.33,4.01,12.152,0.411
0,Avgvstvs Microvinificacions Xarel-lo (+100) 2018,11.5,0.75,20.98,27.973,0.411
0,Baileys Original Irish Cream,17.0,0.35,14.49,41.4,0.411
0,Graham Beck Méthode Cap Classique Rosé Brut,12.0,0.75,21.89,29.187,0.411
0,La Spinetta Il Rosé di Casanova 2021,12.5,0.75,22.81,30.413,0.411
0,Scacciadiavoli Montefalco Rosso 2016,14.0,0.75,25.52,34.027,0.411
0,Ardbeg 10 Year Old Single Malt,46.0,0.7,78.45,112.071,0.41
0,Waterford Organic Gaia 1.2 Irish Single Malt,50.0,0.7,85.31,121.871,0.41
0,Domaines Schlumberger Riesling Les Princes Abbés 2018,13.0,0.75,23.79,31.72,0.41
0,Loxarel A Pél Rosé Reserva Brut Nature 2016,12.5,0.75,22.89,30.52,0.41
0,The GlenDronach Traditionally Peated Single Malt,48.0,0.7,81.99,117.129,0.41
0,Rodenbach Alexander,5.6,0.33,4.51,13.667,0.41
0,Campo al Noce Vermentino 2021,13.5,0.75,24.72,32.96,0.41
0,Bristol Compass IPA tölkki,6.9,0.355,5.98,16.845,0.41
0,Yellow Rose Outlaw Bourbon,46.0,0.7,78.50,112.143,0.41
0,Rampur Single Malt,43.0,0.7,73.33,104.757,0.41
0,Pato & Wouters DNMC Bical Arinto 2021,12.0,0.75,21.99,29.32,0.409
0,Saison Dupont,6.5,0.33,5.24,15.879,0.409
0,Kimito X Mehu Stratatata West Coast IPA,6.0,0.33,4.84,14.667,0.409
0,Dreissigacker Riesling 2022,12.0,0.375,10.99,29.307,0.409
0,J.Laurens Les Graimenous Cremant de Limoux Brut,12.0,0.75,21.99,29.32,0.409
0,Sattlerhof Südsteiermark Sauvignon Blanc 2022,12.0,0.75,21.99,29.32,0.409
0,Beykush Artania White 2022,12.0,0.75,21.99,29.32,0.409
0,Hiisi Kinahmi English Red Ale,5.7,0.33,4.60,13.939,0.409
0,O Luar do Sil Godello 2022,13.0,0.75,23.86,31.813,0.409
0,Huyghe Paranoia tölkki,5.6,0.33,4.52,13.697,0.409
0,Loimer Kamptal Grüner Veltliner 2022,12.0,0.75,21.99,29.32,0.409
0,Lignell & Piispanen Lakka muovipullo,27.0,0.05,3.30,66.0,0.409
0,Ferdinand's Saar Dry Vermouth,18.0,0.75,32.99,43.987,0.409
0,André Delorme Crémant de Bourgogne Organic Brut,12.5,0.75,22.91,30.547,0.409
0,Fiskarsin Foeder One Saison,7.6,0.375,6.96,18.56,0.409
0,Christian Drouin XO Calvados,40.0,0.7,68.54,97.914,0.409
0,Klados The Great Hawk 2021,13.5,0.75,24.84,33.12,0.408
0,Stift Engelszell Benno Trappistenbier,6.9,0.33,5.58,16.909,0.408
0,Millstone 100 Dutch Single Rye,50.0,0.7,85.74,122.486,0.408
0,Château de Raousset Fleurie Grille-Midi 2020,13.0,0.75,23.89,31.853,0.408
0,Altolandon Red 2010,14.0,0.75,25.72,34.293,0.408
0,The BenRiach 12 Year Old Smoky Twelve Single Malt,46.0,0.7,78.98,112.829,0.408
0,Catoctin Creek Roundstone Rye Cask Proof,58.3,0.7,99.94,142.771,0.408
0,Bouvet Saphir Saumur Vintage Brut 2021,12.5,0.75,22.99,30.653,0.408
0,Lunar Apogé Lirac 2020,13.0,0.75,23.90,31.867,0.408
0,Pasqua Valpolicella Ripasso Cascina San Vincenzo 2019,13.5,0.75,24.80,33.067,0.408
0,St. John Commandaria,15.0,0.5,18.40,36.8,0.408
0,Piedemonte Moscatel 2021,11.0,0.5,13.49,26.98,0.408
0,Kaiho Gold Single Estate Organic Vodka,61.2,0.5,74.99,149.98,0.408
0,Fernand Engel Crémant d'Alsace Tradition Brut,12.5,0.375,11.48,30.613,0.408
0,Brinkhall Baski tölkki,5.5,0.33,4.45,13.485,0.408
0,Sartori Prosecco Brut,11.0,0.2,5.39,26.95,0.408
0,Wieninger Wiener Grüner Veltliner 2022,12.5,0.75,22.99,30.653,0.408
0,Mesquida Mora Sincronia Blanc 2022,13.0,0.75,23.90,31.867,0.408
0,Gancia Asti Dolce,7.5,0.75,13.78,18.373,0.408
0,Crowmoor Rusty Rook tölkki,4.5,0.33,3.64,11.03,0.408
0,Meukow VS,40.0,0.05,4.90,98.0,0.408
0,Domaine Zinck Rosé Crémant d'Alsace Brut,12.5,0.75,22.99,30.653,0.408
0,Mouton Cadet Réserve Saint-Émilion 2019,13.5,0.75,24.80,33.067,0.408
0,Seppi Landmann Crémant d'Alsace Brut,12.5,0.75,22.95,30.6,0.408
0,Vouvray Les Perruches Sec 2022,12.5,0.75,22.98,30.64,0.408
0,Ararat 5 Year Old,40.0,0.5,48.99,97.98,0.408
0,Habla del Silencio 2021,13.5,0.75,24.90,33.2,0.407
0,Umani Ronchi Casal di Serra 2022,13.0,0.375,11.98,31.947,0.407
0,Che Guava Radical Lager tölkki,3.5,0.5,4.30,8.6,0.407
0,Angostura Aromatic Bitters,44.7,0.2,21.98,109.9,0.407
0,Weingut Winter Kalkstein Riesling 2022,13.0,0.75,23.98,31.973,0.407
0,Thatchers Rosé,4.0,0.5,4.91,9.82,0.407
0,Piccini Poggio Roveto Bolgheri Rosso 2019,13.5,0.75,24.90,33.2,0.407
0,Bedin Treviso Millesimato Rosé Prosecco Brut 2022,11.0,0.375,10.13,27.013,0.407
0,Kyrö Wood Smoke Malt Rye,47.2,0.5,57.98,115.96,0.407
0,Herdade do Cebolal Branco 2020,13.0,0.75,23.94,31.92,0.407
0,Marchesi di Barolo Samsara Barbera Appassimento 2020,13.5,0.75,24.89,33.187,0.407
0,Penderyn Peated Portwood Small Batch Single Malt,59.3,0.7,101.93,145.614,0.407
0,Rochefort 8,9.2,0.33,7.46,22.606,0.407
0,Open Water Farmhouse,6.5,0.33,5.27,15.97,0.407
0,Dourakis Monoceros Grenache Rouge Liatiko Rose 2022,13.5,0.75,24.86,33.147,0.407
0,G21,21.0,0.5,25.81,51.62,0.407
0,Torre Mora Scalunera Bianco 2020,13.0,0.75,23.98,31.973,0.407
0,Sutherland Pinot Noir 2019,13.5,0.75,24.89,33.187,0.407
0,Frapin VSOP,40.0,0.7,68.80,98.286,0.407
0,Dugges Space Hazy IPA tölkki,6.5,0.5,7.99,15.98,0.407
0,Beatrice et Pascal Lambert Chinon Les Terasses 2020,13.0,0.75,23.98,31.973,0.407
0,Alta Alella Tallarol 2021,13.0,0.75,23.98,31.973,0.407
0,Villa Antinori Rosso 2020,13.5,0.375,12.48,33.28,0.406
0,Koskenkorva Mojito hanapakkaus,4.7,1.5,17.37,11.58,0.406
0,Lapostolle Cuvée Alexandre Carmenère 2020,14.5,0.75,26.78,35.707,0.406
0,Jinro Plum Soju,13.0,0.35,11.20,32.0,0.406
0,Brancaia Tre Magnum 2018,13.5,1.5,49.90,33.267,0.406
0,Redbreast 12 Year Old Single Pot Still,40.0,0.7,68.99,98.557,0.406
0,Ron Zacapa Centenario,40.0,0.7,68.99,98.557,0.406
0,Orava Mama´s Carrot Cake,5.4,0.33,4.39,13.303,0.406
0,Gardo & Morris Reserve Pinot Noir 2020,13.0,0.75,23.99,31.987,0.406
0,Montecillo Reserva 2015,13.5,0.75,24.95,33.267,0.406
0,Hugel Classic Pinot Gris 2022,14.0,0.75,25.89,34.52,0.406
0,Florian Mollet Pouilly-Fumé 2022,13.0,0.75,24.02,32.027,0.406
0,Jinro Strawberry Soju,13.0,0.35,11.20,32.0,0.406
0,Bava Libera Barbera d´Asti 2021,13.5,0.75,24.95,33.267,0.406
0,Creation Pinot Noir 2020,13.5,0.75,24.97,33.293,0.405
0,Arendsig Cabernet Sauvignon Blok A9 2018,13.5,0.75,24.99,33.32,0.405
0,Mallassepät Imperial Blackcurrant Sour tölkki,7.2,0.33,5.86,17.758,0.405
0,Kuentz-Bas Riesling Grand Cru Eichberg Trois Chateaux 2019,13.5,0.75,24.99,33.32,0.405
0,Kimito Rhubarb Sour Saison,6.2,0.33,5.05,15.303,0.405
0,Sighardt Donabaum Grüner Veltliner 2022,11.5,0.75,21.30,28.4,0.405
0,Pizzolato Organic Pinot Grigio Extra Dry 2022,11.5,0.2,5.68,28.4,0.405
0,Mallassepät Festbier tölkki,5.5,0.33,4.48,13.576,0.405
0,Beykush Dry Red 2022,13.5,0.75,24.99,33.32,0.405
0,Nederburg Heritage Heroes The Anchorman Old Vine Chenin Blanc 2021,13.5,0.75,24.99,33.32,0.405
0,Astrolabe Marlborough Chardonnay 2019,13.5,0.75,24.99,33.32,0.405
0,Raul Perez Ultreia Saint Jacques 2020,13.5,0.75,24.99,33.32,0.405
0,Bread & Butter Red Blend 2020,13.5,0.75,24.99,33.32,0.405
0,Milamore 2019,13.5,0.75,24.99,33.32,0.405
0,Corvers-Kauter Rheingau Organic Pinot Noir 2020,13.5,0.75,24.99,33.32,0.405
0,Artania Red 2021,13.5,0.75,24.99,33.32,0.405
0,Casa Emma Chianti Classico 2021,14.0,0.75,25.98,34.64,0.404
0,Avalanche 2022,12.0,0.75,22.26,29.68,0.404
0,Martin Obenaus MO Weiss 2020,10.5,0.75,19.47,25.96,0.404
0,Triacca La Madonnina Chianti Classico Riserva 2018,14.0,0.375,12.99,34.64,0.404
0,GR-174 2022,14.0,0.75,25.98,34.64,0.404
0,Terrazas de los Andes Malbec 2021,14.0,0.75,25.98,34.64,0.404
0,Château Bianca Pinot Noir 2018,13.0,0.75,24.12,32.16,0.404
0,Trediberri Langhe Nebbiolo 2022,14.0,0.75,25.98,34.64,0.404
0,Tosti Asti Dolce,7.0,0.75,12.99,17.32,0.404
0,Humalove VII,11.0,0.33,8.98,27.212,0.404
0,Ardbeg An Oa Single Malt,46.6,0.7,80.85,115.5,0.403
0,Mallaskoski Lingonberry Sour,5.0,0.33,4.09,12.394,0.403
0,Kilchoman Sanaig,46.0,0.7,79.94,114.2,0.403
0,Catoctin Creek Roundstone Rye Distillers Edition,46.0,0.7,79.99,114.271,0.403
0,Colet Vatua! Extra Brut 2018,12.0,0.75,22.32,29.76,0.403
0,Creation Cabernet Merlot Petit Verdot 2016,14.5,0.75,26.98,35.973,0.403
0,Weingut Johannishof Terra Nostra Rheingau Riesling Trocken 2022,11.0,0.375,10.23,27.28,0.403
0,Mallaskoski Blackcurrant Sour,5.0,0.33,4.09,12.394,0.403
0,Mallaskoski Blueberry Sour Ale,5.0,0.33,4.09,12.394,0.403
0,Nehrer Purple Rain 2022,12.0,0.75,22.32,29.76,0.403
0,Tenuta Iuzzolini Madre Goccia,12.5,0.75,23.27,31.027,0.403
0,Brooklyn Bel Sour Air Key Lime Gose,5.0,0.33,4.09,12.394,0.403
0,Colet A Priori Brut 2018,12.0,0.75,22.32,29.76,0.403
0,Verus Muskateller 2021,12.0,0.75,22.32,29.76,0.403
0,Redbreast Lustau Single Pot Still,46.0,0.7,79.99,114.271,0.403
0,Salama Meanwhile In Vermont Cold IPA tölkki,6.8,0.44,7.43,16.886,0.403
0,Szende Ikrek 2017,13.5,0.75,25.19,33.587,0.402
0,Cantina Kaltern Rosé 2018,12.5,0.75,23.31,31.08,0.402
0,Allram Grüner Veltliner Strass 2022,12.5,0.75,23.31,31.08,0.402
0,Hiisi Jumi Juicy IPA,6.2,0.33,5.09,15.424,0.402
0,Erland Valkoinen Marjaviini,12.0,0.75,22.40,29.867,0.402
0,Cantina Terlan Terlaner Classico 2022,13.5,0.75,25.21,33.613,0.402
0,Leth Simply Wow 200 United 2019,13.5,0.75,25.20,33.6,0.402
0,Juvé & Camps Cinta Púrpura Reserva Cava Brut,12.0,0.375,11.20,29.867,0.402
0,Glenglassaugh Portsoy Single Malt,49.1,0.7,85.46,122.086,0.402
0,Turasan Narince 2019,14.0,0.75,26.14,34.853,0.402
0,Selbach-Oster Riesling Trocken 2020,12.5,0.75,23.31,31.08,0.402
0,Teerenpeli Savu Cask Strength Single Malt,58.5,0.5,72.84,145.68,0.402
0,Jean Loron Moulin-à-Vent Au Beau Moulin 2019,13.5,0.75,25.17,33.56,0.402
0,Hine Rare,40.0,0.7,69.70,99.571,0.402
0,Petra Unger Ried Steinleithen Riesling 2021,13.5,0.75,25.18,33.573,0.402
0,Rémy Martin VSOP,40.0,0.35,34.89,99.686,0.401
0,Bottega Gold Brut,11.0,0.2,5.49,27.45,0.401
0,Rhuby,20.0,0.7,34.90,49.857,0.401
0,Alpha Estate Rose Single Vineyard Hedgehog 2022,13.0,0.75,24.30,32.4,0.401
0,Frei Körper Kultur Rosé 2020,11.0,1.0,27.46,27.46,0.401
0,Habla del Silencio Magnum,13.5,1.5,50.55,33.7,0.401
0,Põlev Jõgi Rum Barrel Aged,13.0,0.33,10.71,32.455,0.401
0,Williams Chase Seville Orange Gin,40.0,0.7,69.81,99.729,0.401
0,Zwack Unicum muovipullo,40.0,0.04,3.99,99.75,0.401
0,Kyrö Rhubarb Gin & Juice,8.0,0.75,14.98,19.973,0.401
0,Glenfiddich IPA Single Malt,43.0,0.7,75.00,107.143,0.401
0,Blandy's 5 Years Old Malmsey Rich Madeira,19.0,0.375,17.78,47.413,0.401
0,Brinkhalli tölkki,5.0,0.33,4.11,12.455,0.401
0,Kimito Raspberry Sour Saison,6.0,0.33,4.94,14.97,0.401
0,Catoctin Creek Roundstone Rye Single Barrel,40.0,0.7,69.99,99.986,0.4
0,Kup Cal Serisi Cal Karasi Shiraz 2019,12.5,0.75,23.46,31.28,0.4
0,Soerlie XO Organic Reserve,40.0,0.5,49.99,99.98,0.4
0,Christian Drouin Pomme Prisonnière Calvados,40.0,1.0,99.98,99.98,0.4
0,Lehe Pimedaim Tund Enne Koitu,10.5,0.33,8.66,26.242,0.4
0,Masca del Tacco Piano Chiuso Riserva 2019,16.0,0.75,29.99,39.987,0.4
0,Aberfeldy 16 Year Old Single Malt,40.0,0.7,69.98,99.971,0.4
0,Dr. Loosen Riesling Extra Dry,12.0,0.75,22.49,29.987,0.4
0,Pegasus Amarone della Valpolicella 2018,16.0,0.75,29.98,39.973,0.4
0,Soerlie XO,40.0,0.7,69.99,99.986,0.4
0,Edmond Briottet Crème de Cassis de Dijon,20.0,0.5,25.00,50.0,0.4
0,Camus VSOP,40.0,0.7,69.99,99.986,0.4
0,Dictador 12 Years Icon Reserve,40.0,0.7,69.99,99.986,0.4
0,Ilegal Reposado Mezcal,40.0,0.7,70.03,100.043,0.4
0,Smokehead Sherry Cask Blast Islay Single Malt,48.0,0.7,83.99,119.986,0.4
0,Brugal 1888,40.0,0.7,70.04,100.057,0.4
0,Kahlúa Coffee Liqueur,16.0,0.5,19.99,39.98,0.4
0,Mallaskuun Black IPA,7.0,0.33,5.78,17.515,0.4
0,Laurent Vogt Riesling 2021,12.5,0.75,23.46,31.28,0.4
0,Ver Sacrum GSM 2021,13.5,0.75,25.30,33.733,0.4
0,Melchiori Zingy Organic,4.5,0.5,5.64,11.28,0.399
0,Pongrácz Blanc de Blancs Méthode Cap Classique Brut,12.5,0.75,23.48,31.307,0.399
0,Mallassepät Coconut Imperial Stout tölkki,12.0,0.33,9.92,30.061,0.399
0,Licor 43 Cuarenta y Tres,31.0,0.05,3.88,77.6,0.399
0,Pagos De Los Capellanes Joven Roble 2022,14.5,0.75,27.26,36.347,0.399
0,Lustau Peninsula Palo Cortado Sherry,19.0,0.375,17.85,47.6,0.399
0,Horizont Hazy Queen tölkki,6.0,0.33,4.96,15.03,0.399
0,Mallassepät Hazelnut Imperial Stout tölkki,12.0,0.33,9.92,30.061,0.399
0,Anno Domini Prosecco Frizzante Bio Vegan,11.0,0.75,20.66,27.547,0.399
0,Kahakka West Coast IPA tölkki,7.0,0.44,7.72,17.545,0.399
0,Manousakis Mrs. 2022,14.0,0.75,26.29,35.053,0.399
0,Vuina Crljenak Štafileo Zinfandel 2016,15.0,0.75,28.29,37.72,0.398
0,Cantina Andrian Pinot Noir 2022,13.5,0.75,25.43,33.907,0.398
0,Costa D´San Bastian Ambro Bianco 2020,14.0,0.75,26.35,35.133,0.398
0,Kakola Riviera IPA,6.5,0.33,5.39,16.333,0.398
0,Lamole di Lamole Chianti Classico 2020,14.0,0.75,26.35,35.133,0.398
0,Valdespino El Candado Pedro Ximenez Sherry,17.0,0.375,16.01,42.693,0.398
0,Cazes Samsó Cinsault Nature 2021,10.5,0.75,19.78,26.373,0.398
0,Granbazán Etiqueta Ámbar Albariño 2022,13.0,0.75,24.48,32.64,0.398
0,Anderson's Total Eclipse tölkki,7.7,0.33,6.38,19.333,0.398
0,Keesmann Bamberger Herren Pils,4.8,0.5,6.05,12.1,0.397
0,Pio Cesare Barbera d'Alba 2021,14.5,0.375,13.70,36.533,0.397
0,La Rioja Alta Viña Alberdi Reserva 2018,13.5,0.75,25.49,33.987,0.397
0,Laugar Funeralopolis Russian Imperial Stout,10.0,0.33,8.32,25.212,0.397
0,Brooklyn Pilsner,4.6,0.33,3.82,11.576,0.397
0,Le Brun Cidre Artisanal Biologique,5.5,0.75,10.38,13.84,0.397
0,Enrico Serafino Pajena Barbera D'Alba 2020,14.0,0.75,26.48,35.307,0.397
0,De Molen Water & Vuur NEIPA,6.0,0.33,4.99,15.121,0.397
0,Hiisi Itse Gooseberry Sour,6.0,0.33,4.99,15.121,0.397
0,Pasanau Vi de Vila Poboleda 2019,16.0,0.75,30.25,40.333,0.397
0,Turasan Ökuzgözu Bogazkere 2019,14.0,0.75,26.46,35.28,0.397
0,Juliette Avril Châteauneuf-du-Pape 2020,15.5,0.75,29.33,39.107,0.396
0,Telmo Rodriguez Mountain Blanco 2021,13.5,0.75,25.60,34.133,0.396
0,Haus Klosterberg Sekt Brut,11.5,0.75,21.80,29.067,0.396
0,Teeling Wonders Of Wood Single Pot Still Virgin Chinkapin Oak,50.0,0.7,88.49,126.414,0.396
0,Apis Wsciekla Pszczola,13.0,0.75,24.65,32.867,0.396
0,Valamo Black Tea Gin,48.6,0.5,61.37,122.74,0.396
0,Anarchy Empty Crowd Imperial Stout tölkki,9.0,0.44,10.01,22.75,0.396
0,Allesverloren Tres Vermelhos 2018,14.5,0.75,27.49,36.653,0.396
0,Blandy's 5 Year Old Bual Madeira,19.0,0.375,17.99,47.973,0.396
0,Marques de Riscal Reserva Magnum 2018,14.0,1.5,52.98,35.32,0.396
0,McGuigan Bin 9000 Semillon 2022,10.5,0.75,19.90,26.533,0.396
0,Hiisi Hölli Juicy Pale Ale,5.5,0.33,4.58,13.879,0.396
0,Angels & Cowboys Proprietary Red 2019,14.5,0.75,27.49,36.653,0.396
0,Casa Silva Lago Ranco Pinot Noir 2017,12.0,0.75,22.72,30.293,0.396
0,Craggy Range Te Kahu 2019,13.5,0.75,25.64,34.187,0.395
0,Brew Age Alphatier New England IPA,5.6,0.33,4.68,14.182,0.395
0,Isabelle & Pierre Clément Tradition 2017,13.5,0.75,25.64,34.187,0.395
0,Põhjala Enn Barrel BA Irish Coffee Imperial Stout,12.0,0.33,10.02,30.364,0.395
0,Waterford Organic Gaia 2.1 Single Malt,50.0,0.7,88.61,126.586,0.395
0,Château Cantinot 2010,13.5,0.75,25.64,34.187,0.395
0,Põhjala Kuusk IPA tölkki,6.0,0.33,5.01,15.182,0.395
0,Tuori Cask & Spirit,32.0,0.5,40.48,80.96,0.395
0,Stift Engelszell Nivard Trappistenbier,5.5,0.33,4.60,13.939,0.395
0,Lacryma Christi Del Vesuvio Rosato,12.5,0.375,11.86,31.627,0.395
0,Trenz Johannisberg Kabinett 21 Riesling 2021,10.5,0.75,19.97,26.627,0.394
0,Campo Al Pero Bolgheri Rosso 2018,14.0,0.75,26.62,35.493,0.394
0,Weninger Fehérburgundi 2020,12.5,0.75,23.79,31.72,0.394
0,Noita Doppelgänger 2021,10.5,0.75,19.99,26.653,0.394
0,Fiskarsin Helan Går! Rapujuhlaolut tölkki,4.1,0.33,3.43,10.394,0.394
0,Peter Skoff Morillon Gamlitz 2021,13.0,0.75,24.77,33.027,0.394
0,Hiisi Leimaus Mango-Habanero IPA,6.2,0.33,5.19,15.727,0.394
0,Domaine de la Galotière Cidre Biologique Brut,5.0,0.75,9.51,12.68,0.394
0,Gorghi Tondi Coste a Preola Nero d'Avola 2020,14.0,0.75,26.63,35.507,0.394
0,Hiisi Otus Rye NEIPA,6.2,0.33,5.19,15.727,0.394
0,Niepoort Vertente 2019,13.0,0.75,24.72,32.96,0.394
0,Bernardi Millesimato Prosecco Dry,11.0,0.375,10.49,27.973,0.393
0,Château de l'Orangerie Aigle d'Orange 2014,13.0,0.75,24.80,33.067,0.393
0,Monte Del Frá Valpolicella Classico Superiore Ripasso 2020,14.0,0.75,26.73,35.64,0.393
0,The Glenrothes Whisky Maker's Cut Single Malt,48.8,0.7,86.89,124.129,0.393
0,Kyrö Peat Smoke Malt Rye,47.2,0.5,59.98,119.96,0.393
0,Nittnaus Kalk & Schiefer 2022,13.0,0.75,24.80,33.067,0.393
0,Klados White Diva 2021,13.0,0.75,24.84,33.12,0.393
0,Marrenon Cuvée M Rosé Brut,11.0,0.75,20.98,27.973,0.393
0,Tullibardine 15 Year Old Single Malt,43.0,0.7,76.75,109.643,0.392
0,MO Rot 2020,10.5,0.75,20.07,26.76,0.392
0,Belsazar Rosé Vermouth,17.5,0.75,33.49,44.653,0.392
0,Kilchoman Bourbon Barrel Small Batch Turve Single Malt,56.0,0.7,99.98,142.829,0.392
0,Filipa Pato 3b Rose Extra Bruto 2021,11.5,0.75,21.99,29.32,0.392
0,Avondale Genus 2019,14.0,0.75,26.80,35.733,0.392
0,Istenic Prestige Extra Brut 2013,13.0,0.75,24.90,33.2,0.392
0,Tasca Conti d' Almerita Regaleali Bianco 2019,12.0,0.75,22.95,30.6,0.392
0,Bel Echo Pinot Noir by Clos Henri 2017,13.5,0.75,25.81,34.413,0.392
0,Pere Ventura Tresor Reserva Cava Brut,11.5,0.375,10.99,29.307,0.392
0,Jean Loron Rift 69 Sans Soufre Ajouté 2020,13.0,0.75,24.86,33.147,0.392
0,Saint Clair Omaka Reserve Chardonnay 2020,13.0,0.75,24.90,33.2,0.392
0,Jean-Luc Pasquet L´Organic 10,40.0,0.7,71.49,102.129,0.392
0,Seppi Landmann Biologique Riesling 2020,12.5,0.75,23.90,31.867,0.392
0,Roger Champault Sancerre les Pierris 2022,12.5,0.75,23.90,31.867,0.392
0,Val de France L'Authentique French Cider Ginger Lemon,4.5,0.33,3.79,11.485,0.392
0,Val de France L'Authentique French Cider Raspberry,4.5,0.33,3.79,11.485,0.392
0,Frontaal For The Love Of Hops Pink New England DIPA tölkki,8.0,0.44,8.97,20.386,0.392
0,Waterford Biodynamic Luna 1.1 Irish Single Malt,50.0,0.7,89.34,127.629,0.392
0,Wieninger Wiener Gemischter Satz 2022,12.5,0.75,23.90,31.867,0.392
0,Château la Rabotine Sancerre 2022,13.0,0.75,24.90,33.2,0.392
0,L'Authentique French Cider Pear,4.5,0.33,3.79,11.485,0.392
0,Montecillo Limited Edition 2016,13.5,0.75,25.81,34.413,0.392
0,Samuel Smith Oatmeal Stout,5.0,0.355,4.53,12.761,0.392
0,Lecompte 12 Ans Calvados,40.0,0.7,71.52,102.171,0.392
0,Laitilan Lakritsi Portteri,5.4,0.33,4.55,13.788,0.392
0,Pühaste Epicus Bourbon BA Imperial Stout Silver Series,15.0,0.33,12.64,38.303,0.392
0,Dourakis Monoceros Vilana 2021,13.0,0.75,24.86,33.147,0.392
0,FJ Regnery Klüsserather Bruderschaft Pinot Noir 2021,13.0,0.75,24.90,33.2,0.392
0,Jean Loron Les Vieux Cèdres Morgon 2020,13.0,0.75,24.86,33.147,0.392
0,Val de France L'Authentique French Cider Brut,4.5,0.33,3.79,11.485,0.392
0,Neumeister Gelber Muskateller Trocken 2022,12.0,0.75,22.98,30.64,0.392
0,Bernard-Massard Crémant de Luxemburg Cuvée 1921 Brut,12.0,0.75,22.98,30.64,0.392
0,Soalheiro Alvarinho Bruto,12.5,0.75,24.00,32.0,0.391
0,Serge Dagueneau & Filles Pouilly-Fumé Tradition 2020,14.0,0.375,13.43,35.813,0.391
0,Andre Delorme Crémant de Bourgogne Magnum Brut,12.0,1.5,45.99,30.66,0.391
0,Takatalo & Tompuri Kaski Savubock,6.5,0.33,5.48,16.606,0.391
0,Balfour Skye's Chardonnay 2019,12.0,0.75,22.99,30.653,0.391
0,Henri Bourgeois Pouilly-Fumé En Travertin 2022,14.5,0.75,27.80,37.067,0.391
0,Giacometti Cru des Agriate Blanc 2020,12.5,0.75,23.98,31.973,0.391
0,Pasanau La Morera de Montsant 2019,16.5,0.75,31.68,42.24,0.391
0,Torre Mora Scalunera Rosato 2020,12.5,0.75,23.98,31.973,0.391
0,Sushibar + Wine Riesling Organic 2021,12.0,0.75,22.99,30.653,0.391
0,Michael David Freakshow Zinfandel 2020,15.5,0.75,29.73,39.64,0.391
0,Pflüger Tradition Riesling 2022,12.5,0.75,23.98,31.973,0.391
0,Château Trébiac Blanc 2022,12.5,0.75,24.00,32.0,0.391
0,Battenfeld-Spanier Eisquell Riesling Trocken 2021,12.0,0.75,22.99,30.653,0.391
0,Weszeli Langenlois Grüner Veltliner 2022,12.5,0.75,23.98,31.973,0.391
0,Suertes del Marqués 7 Fuentes 2019,12.5,0.75,23.98,31.973,0.391
0,Hellyers Road Peated Single Malt,46.2,0.7,82.69,118.129,0.391
0,Antonin Rodet Pinot Noir 2022,12.5,0.75,23.98,31.973,0.391
0,Klados Her King 2020,13.5,0.75,25.87,34.493,0.391
0,Lepaan Liereä,4.7,0.33,3.97,12.03,0.391
0,Szigeti Zero Dosage Brut Nature,12.5,0.75,23.98,31.973,0.391
0,L’Extra Par Langlois Crémant de Loire Brut,12.5,0.75,23.98,31.973,0.391
0,Pyynikin Gin Glögi,15.0,0.5,19.16,38.32,0.391
0,Francois Martenot Chablis Monflory 2022,12.5,0.75,23.98,31.973,0.391
0,Wente Riva Ranch Chardonnay 2021,13.5,0.75,25.90,34.533,0.391
0,Artemis Karamolegos Terra Nera Rosé 2022,13.0,0.75,24.95,33.267,0.391
0,Santiago Ruiz O Rosal 2021,12.5,0.75,23.98,31.973,0.391
0,Protos Crianza 2020,14.5,0.375,13.91,37.093,0.391
0,Kühling-Gillot Qvinterra Riesling Trocken 2022,12.0,0.75,22.99,30.653,0.391
0,Rönnvikin Kamrer Schrey,40.0,0.5,51.09,102.18,0.391
0,Pineau de Laborie,17.2,0.375,16.48,43.947,0.391
0,Más Que Vinos 5/4 Cinco Cuartos 2021,12.0,0.75,23.02,30.693,0.391
0,Soalheiro Rosé Bruto,12.5,0.75,24.00,32.0,0.391
0,Helsinki Applejack 2016,43.0,0.5,55.00,110.0,0.391
0,Beatrice Et Pascal Lambert Chinon Les Perruches 2020,13.0,0.75,24.99,33.32,0.39
0,Nicosia Vulkà 2020,13.0,0.75,24.99,33.32,0.39
0,Azul y Garanza Naturaleza Salvaje Negre 2020,13.0,0.75,24.99,33.32,0.39
0,Can Sumoi Sumoll Garnatxa 2020,13.0,0.75,24.99,33.32,0.39
0,Yalumba Eden Valley Viognier 2021,13.0,0.75,24.99,33.32,0.39
0,Bellmunt Vi de Vila 2016,14.0,0.75,26.90,35.867,0.39
0,Anna de Codorníu Blanc de Blancs Cava Brut,11.5,0.2,5.89,29.45,0.39
0,Nivarius Edición Limitada 2017,13.5,0.75,25.98,34.64,0.39
0,Real Agrado Canterabuey Viñedo Singular 2018,15.5,0.75,29.80,39.733,0.39
0,Minuty M Rosé Magnum 2022,13.0,1.5,49.98,33.32,0.39
0,Teerenpeli Savu Single Malt,43.0,0.5,55.18,110.36,0.39
0,Open Water Ålands Cider,7.0,0.33,5.93,17.97,0.39
0,K Vintners Little K Syrah 2016,14.0,0.75,26.90,35.867,0.39
0,Matua Lands & Legends Pinot Noir 2020,13.0,0.75,24.99,33.32,0.39
0,Kimito Maibock,6.0,0.33,5.08,15.394,0.39
0,Henri Bourgeois Sancerre Les Baronnes Rosé 2022,13.5,0.75,25.98,34.64,0.39
0,Steininger Cabernet Sauvignon Rosé Sekt Brut  2019,13.0,0.75,24.99,33.32,0.39
0,Sattlerhof Gamlitz Morillon 2021,13.0,0.75,24.99,33.32,0.39
0,Quinta do Sil Godello 2021,13.0,0.75,24.99,33.32,0.39
0,Domaine Ricardelle de Lautrec Scène no. 5 Vin Orange 2021,12.0,0.75,23.06,30.747,0.39
0,Muré Signature Pinot Noir 2019,13.0,0.75,24.99,33.32,0.39
0,Pedra Nº 03 White Port,18.0,0.5,23.06,46.12,0.39
0,Ruffino Riserva Ducale 2020,14.0,0.75,26.90,35.867,0.39
0,Oenops Xinomavraw 2020,13.5,0.75,25.98,34.64,0.39
0,Anderson's Pippin Ain’t Easy tölkki,7.5,0.33,6.36,19.273,0.389
0,Unison Brewing Luomu Pils,5.0,0.33,4.24,12.848,0.389
0,Merlet Crème de Cassis,20.0,0.5,25.68,51.36,0.389
0,Proelio Reserva Vendimia Seleccionada 2016,14.5,0.75,27.99,37.32,0.389
0,Beefsteak Club Reserve Malbec 2020,14.5,0.75,27.99,37.32,0.389
0,Kotka Steam Bird Porter tölkki,4.7,0.33,3.99,12.091,0.389
0,Glen Scotia Victoriana Single Malt,54.2,0.7,97.48,139.257,0.389
0,Mora & Memo é Rosato 2020,11.5,0.75,22.16,29.547,0.389
0,Planat XO Imperial,40.0,0.7,71.90,102.714,0.389
0,Pesquera Crianza 2019,14.5,0.75,27.99,37.32,0.389
0,Avgvstvs Cabernet Franc 2021,14.0,0.75,26.99,35.987,0.389
0,Klados Pink Blackbird 2021,13.0,0.75,25.16,33.547,0.388
0,Domin & Kušický Tramín Cervený 2019,13.5,0.75,26.09,34.787,0.388
0,Ruca Malen Kinien Cabernet Sauvignon 2012,14.1,0.75,27.25,36.333,0.388
0,Amager Pearl Hart,12.4,0.75,24.00,32.0,0.388
0,Cigar City Fancy Papers Hazy IPA tölkki,6.5,0.355,5.95,16.761,0.388
0,Marble American Pilsner tölkki,4.2,0.5,5.41,10.82,0.388
0,Numanthia Termes 2020,15.5,0.75,29.99,39.987,0.388
0,Luigi Righetti Capitel de Roari Amarone della Valpolicella Classico 2018,15.0,0.75,28.98,38.64,0.388
0,Seppeltsfield Watervale Riesling 2022,11.9,0.75,22.99,30.653,0.388
0,Romain Duvernay Châteauneuf-du-Pape Organic 2020,15.5,0.75,29.98,39.973,0.388
0,Nocheluna Sotol,43.0,0.7,77.49,110.7,0.388
0,Père Magloire XO Calvados,40.0,0.5,51.50,103.0,0.388
0,Roger & Didier Raimbault Sancerre 2022,13.0,0.75,25.12,33.493,0.388
0,Charivari L'Aventure Nocturne 2019,13.5,0.75,26.19,34.92,0.387
0,Fiskarsin Changeling Fruited Wild Beer,10.3,0.375,9.97,26.587,0.387
0,Stadt Krems Grüner Veltliner Ried Wachtberg 1ÖTW 2018,13.5,0.75,26.13,34.84,0.387
0,Petra Unger Ried Hintere Point Grüner Veltliner 2021,13.0,0.75,25.18,33.573,0.387
0,Kaiho Single Estate Organic Vodka,40.2,0.5,51.98,103.96,0.387
0,Ainoa Aho,13.0,0.7,23.50,33.571,0.387
0,Crystal Head Vodka,40.0,3.0,310.00,103.333,0.387
0,Sonnisaari Toteemi West Coast IPA,7.0,0.33,5.97,18.091,0.387
0,Poderi Colla Pian Balbo 2019,12.5,0.75,24.25,32.333,0.387
0,Kanavan Tupla-Unto Imperial Porter 2023,10.5,0.33,8.95,27.121,0.387
0,Klados His Queen 2022,12.5,0.75,24.28,32.373,0.386
0,Karam Maison Syrah Cinsault 2018,12.5,0.75,24.28,32.373,0.386
0,Kuninkaantien Vahva Tuorlan Tumma Lager,5.5,0.33,4.70,14.242,0.386
0,Rooster's Baby Faced Assassin IPA tölkki,6.1,0.33,5.22,15.818,0.386
0,Casa de Mouraz Jaen 2017,14.0,0.75,27.22,36.293,0.386
0,Substance Pn Pinot Noir 2021,13.5,0.75,26.29,35.053,0.385
0,Wild Beer Zintuki,7.3,0.33,6.25,18.939,0.385
0,Il Poderaccio Chianti Colli Senesi 2020,13.0,0.75,25.30,33.733,0.385
0,Small Wonder Pinot Noir 2022,12.5,0.75,24.32,32.427,0.385
0,Brew By Numbers 421 Imperial Stout Cherry tölkki,12.0,0.25,7.79,31.16,0.385
0,Geyerhof Ried Sprinzenberg Riesling 2022,13.0,0.75,25.30,33.733,0.385
0,Corvezzo Organic Prosecco Rosé Extra Dry 2020,11.5,0.2,5.98,29.9,0.385
0,Mazzei Belgvardo Bronzone Riserva 2019,13.5,0.75,26.33,35.107,0.385
0,Kanavan Motti Karamellistout,6.8,0.33,5.83,17.667,0.385
0,Tornion Hillatus Sour Ale tölkki,5.5,0.33,4.72,14.303,0.385
0,Corvezzo Organic Prosecco Extra Dry,11.5,0.2,5.98,29.9,0.385
0,Te Kano Kin Central Otago Pinot Noir 2020,13.5,0.75,26.30,35.067,0.385
0,Hospice de Colmar Riesling  2021,13.0,0.75,25.30,33.733,0.385
0,Helsinki Whiskey 100 % Rye Malt,47.5,0.5,61.72,123.44,0.385
0,Nehrer Burgenland Rot 2021,13.0,0.75,25.40,33.867,0.384
0,Pizzolato Organic Moscato Dolce 2022,6.5,0.75,12.69,16.92,0.384
0,Mongozo Premium Pilsener,5.0,0.33,4.30,13.03,0.384
0,Baladin Wayan,5.8,0.33,4.99,15.121,0.384
0,Tired Uncle Pacific Uncle West Coast IPA Gluten Free tölkki,6.7,0.33,5.78,17.515,0.383
0,United Gypsies Honey Boat Braggot tölkki,9.0,0.33,7.75,23.485,0.383
0,Turasan Bogazkere 2019,13.5,0.75,26.46,35.28,0.383
0,Louis Bouillot Perle d'Or Millésimé Crémant de Bourgogne Rosé Brut 2017,12.0,0.75,23.48,31.307,0.383
0,Takatalo & Tompuri Kaski Imperial Stout,8.0,0.33,6.89,20.879,0.383
0,Lio La Crema di Limoncello,22.0,0.2,11.48,57.4,0.383
0,Luxardo Aperitivo,11.0,0.7,20.09,28.7,0.383
0,Il Palagio When We Dance 2022,12.0,0.75,23.48,31.307,0.383
0,Turasan Kalecik Karasi 2019,13.5,0.75,26.46,35.28,0.383
0,Tooth & Claw Jellyfish Nebula tölkki,4.6,0.44,5.28,12.0,0.383
0,Malmgård Kuusenkerkkä Gose,5.0,0.33,4.31,13.061,0.383
0,Sainchargny Émérite Crémant de Bourgogne Brut 2017,11.5,0.75,22.49,29.987,0.383
0,Jurtschitsch Belle Naturelle 2022,12.0,0.75,23.48,31.307,0.383
0,To Øl Stereo Mono Strata tölkki,6.0,0.44,6.89,15.659,0.383
0,Einstök White Ale,5.2,0.33,4.49,13.606,0.382
0,Chateau Fuissé Macon-Villages 2020,13.5,0.75,26.48,35.307,0.382
0,8-Bit Brewing Hoptimus Prime IPA,6.2,0.33,5.36,16.242,0.382
0,Mallaskoski Currant Cooler,4.5,0.33,3.89,11.788,0.382
0,Teerenpeli Palo Peated Sherry Single Malt,46.0,0.5,60.19,120.38,0.382
0,Mallaskoski Lingonberry Cooler,4.5,0.33,3.89,11.788,0.382
0,Kaiho Ruby Blackcurrant Liqueur Organic,21.0,0.5,27.48,54.96,0.382
0,Pasanau Les Myriams Viognier 2022,14.0,0.75,27.46,36.613,0.382
0,Anderson's Atmosfäär IPA tölkki,6.3,0.33,5.45,16.515,0.381
0,Oban 14 Year Old Single Malt,43.0,0.7,78.99,112.843,0.381
0,Kakola Lauha Imperial Stout,9.0,0.33,7.79,23.606,0.381
0,Sori BLÆNK tölkki,5.2,0.44,6.02,13.682,0.38
0,Gori Busseben Sauvignon 2016,13.0,0.75,25.68,34.24,0.38
0,Ararat Ani 7 Year Old,40.0,0.5,52.63,105.26,0.38
0,Pühaste Maramara DDH Double IPA tölkki,8.5,0.33,7.39,22.394,0.38
0,Humalove VIII,9.5,0.33,8.25,25.0,0.38
0,Frieden-Berg Elbling Nittel 2022,12.5,0.75,24.67,32.893,0.38
0,Noita Space Echo 2019,10.0,0.75,19.72,26.293,0.38
0,Gorghi Tondi Meridiano 12 Syrah 2019,13.5,0.75,26.63,35.507,0.38
0,Far Yeast Kagua Blanc,8.0,0.33,6.95,21.061,0.38
0,Gorghi Tondi Ramisella Nero d'Avola 2019,13.5,0.75,26.63,35.507,0.38
0,Mallassepät Humala Series Rakau Hazy IPA tölkki,5.3,0.33,4.60,13.939,0.38
0,Laugar Aupa Tovarisch Oloroso Barrel Aged,12.0,0.33,10.42,31.576,0.38
0,Laugar Aupa Tovarisch Armagnac Barrel Aged,12.0,0.33,10.42,31.576,0.38
0,Kalevala Runoi Rum,38.8,0.5,51.05,102.1,0.38
0,Fishshot,30.0,0.04,3.16,79.0,0.38
0,Casa Silva Lago Ranco Riesling 2017,11.5,0.75,22.72,30.293,0.38
0,Luca Bosio Moscato Rosé Spumante Dolce,7.5,0.75,14.85,19.8,0.379
0,Dugges Candy2,11.5,0.33,10.02,30.364,0.379
0,Kuninkaantien Tuorlan Vehnä,5.4,0.33,4.70,14.242,0.379
0,United Gypsies Mead & Greet Braggot tölkki,9.0,0.33,7.83,23.727,0.379
0,Lumo Red Semi-sweet,11.5,0.5,15.18,30.36,0.379
0,Per Se Aperitivo,14.5,0.7,26.80,38.286,0.379
0,Eschenhof Holzer Invaders Orange 2020,11.5,0.75,22.78,30.373,0.379
0,Open Water Påriktigt Semi-Dry-Cider,6.0,0.33,5.22,15.818,0.379
0,Tired Uncle Uncle Frank New England IPA tölkki,7.3,0.33,6.35,19.242,0.379
0,Pietramore Trebbiano Mèthode Ancestrale,12.0,0.75,23.73,31.64,0.379
0,Glenkinchie Distillers Edition 2018 Single Malt,43.0,0.7,79.48,113.543,0.379
0,Dourakis Zelos Rose 2022,13.0,0.75,25.72,34.293,0.379
0,Bernard-Massard Cuvée de l'Ecusson Brut Jeroboam,12.0,3.0,95.00,31.667,0.379
0,Lumo Arctic Red Dry,11.5,0.5,15.19,30.38,0.379
0,Hennessy VSOP,40.0,0.35,36.98,105.657,0.379
0,Open Water Lazy IPA,6.3,0.33,5.49,16.636,0.379
0,Casal de Armán Tinto 2021,13.0,0.75,25.81,34.413,0.378
0,Gianni Gagliardo Fallegro 2021,12.5,0.75,24.82,33.093,0.378
0,Joseph Drouhin Mâcon-Lugny Les Crays 2021,13.0,0.75,25.79,34.387,0.378
0,Malibu Piña Colada tölkki,5.0,0.25,3.31,13.24,0.378
0,Laurent Vogt Crémant d'Alsace Blanc de Blancs Brut,12.0,0.75,23.83,31.773,0.378
0,Podere Ruggeri Corsini Armujan Barbera d'Alba Superiore 2021,15.0,0.75,29.77,39.693,0.378
0,Unison Brewing Vehnäolut,4.8,0.33,4.19,12.697,0.378
0,Allegrini Palazzo della Torre 2019,13.5,0.75,26.80,35.733,0.378
0,Gruhier & Delaunay Grand Calcaire Petit Chablis 2020,12.5,0.75,24.82,33.093,0.378
0,Casal de Armán Blanco 2021,13.0,0.75,25.81,34.413,0.378
0,Redoma Branco 2022,12.5,0.75,24.80,33.067,0.378
0,Hiisi Inki Ginger Pale Ale,5.7,0.33,4.99,15.121,0.377
0,Bowmore 15 Year Old Single Malt,43.0,0.7,79.94,114.2,0.377
0,Hiisi Gosebump Raspberry & Passionfruit Gose,5.5,0.33,4.81,14.576,0.377
0,Bulgarini Lugana 2022,13.0,0.75,25.89,34.52,0.377
0,Pühaste Seeds Of Seduction DDH Double IPA tölkki,8.0,0.33,7.00,21.212,0.377
0,Panyolai Silvorius Likör,34.0,0.5,45.12,90.24,0.377
0,Brill PalinKaland Szölö Palinka,40.0,0.5,53.03,106.06,0.377
0,J.Laurens Les Graimenous Crémant de Limoux Brut,12.0,0.75,23.90,31.867,0.377
0,Verso Sauvignon Blanc 2021,13.5,0.75,26.83,35.773,0.377
0,Kimito Kolme Pukkia Silta IPA,6.1,0.33,5.34,16.182,0.377
0,Santo Cuviso Blanco Bacanora,45.0,0.5,59.74,119.48,0.377
0,Nikka Yoichi Single Malt,45.5,0.7,84.47,120.671,0.377
0,J California Cuvée Brut,12.5,0.75,24.87,33.16,0.377
0,Ca´del Sette Amante 2019,13.5,0.75,26.84,35.787,0.377
0,Nikka Miyagikyo Single Malt,45.5,0.7,84.52,120.743,0.377
0,Codorníu Ars Collecta Blanc de Blancs Reserva Brut 2018,11.5,0.75,22.95,30.6,0.376
0,Frescobaldi Nipozzano Riserva 2019,13.5,0.75,26.90,35.867,0.376
0,Bouvet Blanc de Blancs Vintage Crémant de Loire  Brut 2021,12.5,0.75,24.95,33.267,0.376
0,Brill Körte Palinka,40.0,0.5,53.17,106.34,0.376
0,Frieden-Berg Auxerrois 2021,12.5,0.75,24.95,33.267,0.376
0,Lapin Riski Amber Lager,6.5,0.33,5.70,17.273,0.376
0,Cidre Bouché Le Clos Fleuri,5.0,0.375,4.99,13.307,0.376
0,Anderson's American Lager tölkki,5.1,0.33,4.48,13.576,0.376
0,Samuel Smith Taddy Porter,5.0,0.355,4.72,13.296,0.376
0,Koehler-Ruprecht Kallstadter Riesling Kabinett Trocken 2018,11.5,0.75,22.95,30.6,0.376
0,Josetta Saffirio Barbera d'Alba 2020,14.0,0.75,27.91,37.213,0.376
0,Brill Cseresznye Palinka,40.0,0.5,53.17,106.34,0.376
0,Brumont Château Bouscassé 2018,13.5,0.75,26.90,35.867,0.376
0,Joseph Scharsch Pinot Gris 2021,14.0,0.75,27.95,37.267,0.376
0,Signorelli Amarone della Valpolicella 2020,15.0,0.75,29.90,39.867,0.376
0,Hiisi Nyrö Local Lager,5.2,0.33,4.56,13.818,0.376
0,Millstone 10 Year Old Single Malt,43.0,0.7,79.98,114.257,0.376
0,Metté Spiritueuse au Poivre de Sichuan,45.0,0.5,59.88,119.76,0.376
0,Metté Eau de vie de Framboise,45.0,0.5,59.88,119.76,0.376
0,Uiltje Motueka Mohitos New Zealand IPA tölkki,6.0,0.44,7.03,15.977,0.376
0,Põhjala Spelt Incorrectly DDH IPA tölkki,6.0,0.44,7.02,15.955,0.376
0,Antologia Barolo 2017,14.5,0.75,28.90,38.533,0.376
0,Aviva Rose,5.5,0.75,10.99,14.653,0.375
0,Steininger Reserve Steinhaus Riesling 2021,13.5,0.75,26.98,35.973,0.375
0,Amarone Armigero 2020,15.0,0.75,29.99,39.987,0.375
0,Calvet Chablis 2020,12.5,0.75,24.99,33.32,0.375
0,Avgvstvs V 2018,14.0,1.5,55.98,37.32,0.375
0,Yarrabank Late Disgorged Brut Nature 2010,12.5,0.75,24.98,33.307,0.375
0,Kühling-Gillot Grauer Burgunder Réserve 2022,12.5,0.75,24.99,33.32,0.375
0,Cantina Tramin Goldmuskateller 2020,11.0,0.75,21.99,29.32,0.375
0,Ruffino Aqua di Venus Rosé 2021,13.5,0.75,26.98,35.973,0.375
0,Ca'n Verdura Supernova Mantonegro 2021,14.5,0.75,28.98,38.64,0.375
0,Strauch Brut,11.5,0.75,22.99,30.653,0.375
0,Tenuta Carretta Langhe Nebbiolo Podio Podium Serrae 2021,13.5,0.75,26.98,35.973,0.375
0,Bouchard La Vignée Chardonnay 2020,12.5,0.75,24.99,33.32,0.375
0,Joseph Mellot Pouilly-Fumé La Forge 2022,13.0,0.75,25.98,34.64,0.375
0,Torbreck Woodcutter's Shiraz 2020,15.0,0.75,29.99,39.987,0.375
0,Louis Latour Bourgogne Chardonnay 2022,13.0,0.375,12.99,34.64,0.375
0,La Roteuse de Landra Rosé Brut Nature 2019,12.5,0.75,24.99,33.32,0.375
0,Thornbridge Bracia Rich Dark Ale,10.0,0.375,9.99,26.64,0.375
0,Chateau Puybarbe 2018,15.0,0.75,29.99,39.987,0.375
0,Dow's Colheita Single Harvest Tawny Port 2007,20.0,0.75,39.98,53.307,0.375
0,Oenops Vidiano 2019,12.5,0.75,24.99,33.32,0.375
0,Laroche Petit Chablis L 2022,12.0,0.75,23.98,31.973,0.375
0,Heinrich Naked White 2021,11.5,0.75,22.99,30.653,0.375
0,Clos Alkio Caminito a Motel Tinto 2021,15.0,0.75,29.99,39.987,0.375
0,Trimbach Riesling 2021,13.0,0.75,25.98,34.64,0.375
0,Bestheim Grand Prestige Crémant d'Alsace Brut 2019,12.5,0.75,24.99,33.32,0.375
0,Araldica Brachetto d'Acqui Dolce,7.0,0.75,13.99,18.653,0.375
0,Schloss Vollrads Riesling 2022,11.0,0.375,10.99,29.307,0.375
0,Domaine Loew Pinot Gris Cormier 2018,13.5,0.75,26.98,35.973,0.375
0,The GlenDronach Port Wood Single Malt,46.0,0.7,85.98,122.829,0.375
0,Loimer Manhart 2020,12.5,0.75,24.99,33.32,0.375
0,Muré Calcaires Jaunes Riesling 2019,13.0,0.75,25.98,34.64,0.375
0,Mallaskoski Rhubarb Sour,5.0,0.33,4.40,13.333,0.375
0,Heinrich Blaufränkisch 2018,12.0,0.75,23.98,31.973,0.375
0,Chateau Léoube Rosé 2019,13.0,0.75,25.98,34.64,0.375
0,Sacravite Basilicata Rosso 2020,13.0,0.375,13.00,34.667,0.375
0,Aviva Blue Sky,5.5,0.75,10.99,14.653,0.375
0,Gillardi Maestra Dolcetto di Dogliani 2019,13.0,0.75,25.98,34.64,0.375
0,Borsari Amarone della Valpolicella 2020,15.0,0.75,29.99,39.987,0.375
0,Filipa Pato 3b Blanc de Blancs Brut Nature 2021,11.0,0.75,21.99,29.32,0.375
0,Muré Crémant d’Alsace Brut,12.5,0.75,24.98,33.307,0.375
0,Pflüger Biodynamite 2022,12.5,0.75,24.99,33.32,0.375
0,Azul y Garanza Naturaleza Salvaje Blanco  2021,12.5,0.75,24.99,33.32,0.375
0,Château Puygueraud Blanc 2016,13.5,0.75,26.98,35.973,0.375
0,Aviva Gold,5.5,0.75,10.99,14.653,0.375
0,Dr. Bürklin-Wolf Riesling trocken 2021,12.0,0.75,23.98,31.973,0.375
0,Can Sumoi Xarel-lo 2021,12.0,0.75,23.98,31.973,0.375
0,Arancione Originale Amarone della Valpolicella 2019,14.5,0.75,28.98,38.64,0.375
0,Kendall Jackson Vintners Reserve Zinfandel 2021,14.5,0.75,28.98,38.64,0.375
0,Carl Loewen Varidor Riesling 2022,11.5,0.75,22.99,30.653,0.375
0,Fernand Engel Crémant d'Alsace Blanc de Noir Dosage Zero 2019,12.5,0.75,24.99,33.32,0.375
0,Pieropan Soave Classico 2022,12.0,0.375,12.02,32.053,0.374
0,Lumo White Semi-Dry,11.5,0.5,15.37,30.74,0.374
0,Kakola Atelier 40 India Pale Lager,5.2,0.33,4.59,13.909,0.374
0,Helen & Joey Layla Pinot Noir 2019,13.5,0.75,27.05,36.067,0.374
0,Château Tour Peyronneau 2018,13.5,0.75,27.06,36.08,0.374
0,Lammin Sahti,7.5,0.5,10.04,20.08,0.374
0,Sierra Milenario Extra Añejo Tequila,41.5,0.7,77.59,110.843,0.374
0,Mallaskuun Peltopyy Pils,5.2,0.33,4.59,13.909,0.374
0,Inama Vin Soave 2022,12.0,0.75,24.09,32.12,0.374
0,Frieden-Berg Spätburgunder Blanc de Noir 2022,12.5,0.75,25.05,33.4,0.374
0,Glenfarclas 15 Year Old Single Malt,46.0,0.7,86.25,123.214,0.373
0,La Soufrandise Pouilly-Fuissé Vieilles Vignes,13.5,0.75,27.11,36.147,0.373
0,Olutpaja Bassosoolo Hazy Pale Ale,5.0,0.5,6.70,13.4,0.373
0,Ora d'Ora,11.5,0.75,23.13,30.84,0.373
0,Connemara Peated 12 Year Old Single Malt,40.0,0.7,74.98,107.114,0.373
0,The BenRiach Smoke Season Single Malt,52.8,0.7,98.99,141.414,0.373
0,Husky Imperial Stout,9.6,0.33,8.49,25.727,0.373
0,Acqua in Fiamme Amarone 2017,16.0,0.75,32.19,42.92,0.373
0,Brunehaut Saison Organic,4.5,0.33,3.99,12.091,0.372
0,Massaya Blanc 2018,13.0,0.75,26.18,34.907,0.372
0,Renault Carte Noire Extra Old,40.0,0.35,37.68,107.657,0.372
0,Banfi Fonte Alla Selva Chianti Classico Gran Selezione 2014,13.5,0.75,27.20,36.267,0.372
0,Verhaeghe Vichte Duchesse de Bourgogne,6.2,0.33,5.50,16.667,0.372
0,The Norfolk Rye 9 Year Old Single Grain,51.4,0.5,69.17,138.34,0.372
0,Coto de Imaz Gran Reserva 2017,14.0,0.75,28.25,37.667,0.372
0,Michael David Freakshow Chardonnay 2020,13.5,0.75,27.32,36.427,0.371
0,Château de la Pierre Régnié Vin Nature Sans Soufre Ajouté 2019,13.5,0.75,27.32,36.427,0.371
0,Dr. Von Bassermann Jordan Riesling Trocken 2021,12.5,0.75,25.28,33.707,0.371
0,Schlumberger Rosé Ice Secco,11.5,0.75,23.27,31.027,0.371
0,Kuninkaantien Tuorlan Taival American Lager,5.3,0.33,4.71,14.273,0.371
0,Château de La Chaize Fleurie 2021,12.5,0.75,25.25,33.667,0.371
0,Antonio Lopes Ribeiro Vinho Tinto,12.0,0.75,24.23,32.307,0.371
0,Château la Bienveillance Blanc 2022,10.5,0.75,21.23,28.307,0.371
0,Villalta Amarone della Valpolicella XIX 2017,15.0,0.75,30.30,40.4,0.371
0,Schlumberger White Ice Secco,11.5,0.75,23.27,31.027,0.371
0,Schlumberger Gold Secco,11.5,0.75,23.27,31.027,0.371
0,Domaine Tropez Sublime Rosé 2021,12.5,0.75,25.24,33.653,0.371
0,Tornion Pienet Helles tölkki,4.5,0.44,5.35,12.159,0.37
0,Teeling Single Cask VYS Pinot Noir Single Malt,58.1,0.7,109.99,157.129,0.37
0,Le Vaglie Verdicchio dei Castelli di Jesi Classico 2021,13.0,0.75,26.33,35.107,0.37
0,Naberauli Khvanchkara Semi-sweet Red 2020,12.5,0.75,25.31,33.747,0.37
0,The GlenDronach Cask Strength Batch 11 Single Malt,59.8,0.7,112.99,161.414,0.37
0,Marques de Vargas Reserva 2017,14.0,0.75,28.39,37.853,0.37
0,Glasgow 1770 The Original Single Malt,46.0,0.7,87.09,124.414,0.37
0,Drty Mango Passion tölkki,4.0,0.33,3.57,10.818,0.37
0,Mikkeller Træblod Imperial Stout with Maple & Coffee tölkki,12.0,0.473,15.34,32.431,0.37
0,Drty White Citrus Hard Seltzer tölkki,4.0,0.33,3.57,10.818,0.37
0,Nantou Omar Sherry Cask Single Malt,46.0,0.7,86.92,124.171,0.37
0,Drty Raspberry Rose tölkki,4.0,0.33,3.57,10.818,0.37
0,Reverdito Barolo 2018,14.5,0.75,29.42,39.227,0.37
0,Hedönist Hoppy Ending American Lager 2021 tölkki,5.2,0.33,4.64,14.061,0.37
0,Domaine La Croix Des Marchands Douceur D'Automne Gaillac 2019,12.5,0.375,12.71,33.893,0.369
0,Domaine de Biéville Chablis 2022,12.5,0.75,25.40,33.867,0.369
0,Paula Achrénin Puutarha Luotsi 2019,6.5,0.33,5.81,17.606,0.369
0,Manz Dona Fátima Jampal 2018,13.0,0.75,26.42,35.227,0.369
0,La Chablisienne Chablis Le Finage 2022,12.5,0.75,25.39,33.853,0.369
0,Weninger Rózsa Petsovits,12.0,0.75,24.38,32.507,0.369
0,Nehrer Burgenland Weiss 2022,12.5,0.75,25.40,33.867,0.369
0,Paula Achrénin Puutarha Pläkä 2020,6.5,0.33,5.81,17.606,0.369
0,Don Julio Blanco Tequila,38.0,0.7,71.99,102.843,0.369
0,Voyager Estate Chardonnay 2018,13.5,0.75,27.47,36.627,0.369
0,Cuvage Nebbiolo d'Alba Millesimato Rosé Brut 2017,12.5,0.75,25.48,33.973,0.368
0,La Chasse des Princes Châteauneuf-du-Pape 2021,15.5,0.75,31.60,42.133,0.368
0,Speri Valpolicella Ripasso Classico Superiore 2019,13.5,1.5,54.98,36.653,0.368
0,White Claw Hard Seltzer Raspberry tölkki,4.5,0.33,4.04,12.242,0.368
0,White Claw Hard Seltzer Mango tölkki,4.5,0.33,4.04,12.242,0.368
0,Domdechant Werner Hochheimer Domdechaney Riesling Erste Lage 2021,12.5,0.75,25.48,33.973,0.368
0,Gustavshof Orange Trocken 2020,12.0,0.75,24.47,32.627,0.368
0,Sori Mosaic Pils tölkki,5.0,0.44,5.98,13.591,0.368
0,La Noblaie Chante de Vent 2020,13.5,0.75,27.50,36.667,0.368
0,Helsinki Whiskey Rye Malt,47.5,0.5,64.46,128.92,0.368
0,Jura Seven Wood Single Malt,42.0,0.7,79.99,114.271,0.368
0,Panyolai Aranykörte,38.0,0.5,51.64,103.28,0.368
0,Raventos i Blanc Blanc de blancs Brut 2020,12.0,0.75,24.49,32.653,0.368
0,Brooklyn The Stonewall Inn IPA,4.6,0.33,4.13,12.515,0.368
0,Underberg,44.0,0.02,2.39,119.5,0.368
0,Underberg 3-pack,44.0,0.06,7.17,119.5,0.368
0,Põhjala Lindheim The Cherry Of My Eye BA Imperial Sour Ale,10.0,0.33,8.98,27.212,0.367
0,Merlet Chevessac Rosé Pineau des Charentes,17.0,0.5,23.17,46.34,0.367
0,Poças Junior Late Bottled Vintage Port 2015,19.5,0.375,19.90,53.067,0.367
0,Ninki Umeshu,18.0,0.5,24.50,49.0,0.367
0,Humalove Harmony Hopburst India Pale Ale,7.2,0.33,6.47,19.606,0.367
0,Anarchy The Great Elmyra Barley Wine tölkki,10.0,0.33,8.99,27.242,0.367
0,Mosgaard Organic Peated Bourbon Cask Single Malt,49.0,0.5,66.98,133.96,0.366
0,Stone's Ginger Joe Pear,4.0,0.33,3.61,10.939,0.366
0,Sonnisaari Aina Lager 5,5.0,0.33,4.51,13.667,0.366
0,Antech Émotion Crémant de Limoux Brut 2021,12.0,0.75,24.57,32.76,0.366
0,Teerenpeli Barrel Aged No3 Barley Wine,11.0,0.33,9.93,30.091,0.366
0,Alessandro Rivetto Leonilde Barbera d'Alba 2019,14.5,0.75,29.73,39.64,0.366
0,Sybille Kuntz Riesling Trocken 2021,12.5,0.75,25.60,34.133,0.366
0,Prantner Rajnai Rizling 2022,12.5,0.75,25.64,34.187,0.366
0,Rejiji Hanging Hill Cabernet Sauvignon 2016,13.5,0.75,27.63,36.84,0.366
0,Churchill's Grafite Grande Reserva 2015,14.5,0.75,29.70,39.6,0.366
0,Mauro Veglio Angelo Nebbiolo 2020,14.5,0.75,29.73,39.64,0.366
0,Veronese Beatrice Dogaressa Valpolicella Ripasso 2020,14.5,0.75,29.73,39.64,0.366
0,Stone's Ginger Joe,4.0,0.33,3.61,10.939,0.366
0,Haapala Usvainen uitto,5.4,0.33,4.87,14.758,0.366
0,Hugel Classic Riesling 2021,12.5,0.375,12.80,34.133,0.366
0,The Macallan Double Cask 12 Year Old Single Malt,40.0,0.7,76.57,109.386,0.366
0,Mallassepät Naantalin Eeppinen IPA,5.0,0.33,4.51,13.667,0.366
0,Purcari Freedom Blend 2020,14.0,0.75,28.77,38.36,0.365
0,Montebruna Barbera d'Asti 2018,14.5,0.75,29.80,39.733,0.365
0,Bushmills Causeway Collection Banyuls Cask Single Malt,53.2,0.7,102.05,145.786,0.365
0,Jean-Marc Bernhard Cremant d'Alsace Brut,12.0,0.75,24.67,32.893,0.365
0,Ca di Pian Barbera d'Asti 2020,14.5,0.75,29.80,39.733,0.365
0,Joseph Drouhin Moulin-à-Vent 2021,12.5,0.75,25.69,34.253,0.365
0,KWV The Mentors Pinotage 2021,14.5,0.75,29.80,39.733,0.365
0,Wijnkasteel Genoels Elderen Chardonnay Blauw Kiezelingenbos 2019,13.0,0.75,26.73,35.64,0.365
0,Vergelegen DNA 2015,14.5,0.75,29.80,39.733,0.365
0,Laugar Hellstar,11.0,0.33,9.98,30.242,0.364
0,Brill Szilva Palinka,40.0,0.5,55.00,110.0,0.364
0,Amelie & Charles Sparr Pinot Blanc Pensée 2021,13.0,0.75,26.82,35.76,0.364
0,Mallassepät Southwest Coast IPA tölkki,5.2,0.33,4.71,14.273,0.364
0,Mallassepät Löyly tölkki,5.2,0.33,4.71,14.273,0.364
0,Jamek Jochinger Riesling Federspiel 2019,12.5,0.75,25.75,34.333,0.364
0,Common People Barbera 2020,15.0,0.75,30.91,41.213,0.364
0,Croci Valtolla Rosso,13.0,0.75,26.80,35.733,0.364
0,Casasmith Cervo Northridge Vineyard Barbera 2019,14.5,0.75,29.90,39.867,0.364
0,Laugar Non Return Bordeaux Barrel Aged,11.0,0.33,9.98,30.242,0.364
0,Kuninkaantien Tuorlan Kaura,5.2,0.33,4.71,14.273,0.364
0,Hannes Reeh Rohstoff Zweigelt 2020,14.0,0.75,28.83,38.44,0.364
0,La Conreria d'Scala Dei Nona 2020,14.5,0.75,29.90,39.867,0.364
0,Domaine des Bosquets Séguret 2021,14.5,0.75,29.90,39.867,0.364
0,Joseph Scharsch Pinot Noir Les Petits Grains 2020,14.5,0.75,29.90,39.867,0.364
0,Glenmorangie Quinta Ruban 14 Year Old Single Malt,46.0,0.7,88.40,126.286,0.364
0,Chateau Des Laurets 2016,14.5,0.75,29.86,39.813,0.364
0,Grieskirchner Radler,2.1,0.5,2.89,5.78,0.363
0,Valdifalco Loacker Lodolaia Syrah 2021,14.5,0.75,29.99,39.987,0.363
0,Fiskarsin Pilvipouta Grisette tölkki,3.5,0.33,3.18,9.636,0.363
0,Ferraton Crozes Hermitage Calendes 2019,14.5,0.75,29.99,39.987,0.363
0,Penfolds Max's Shiraz 2020,14.5,0.75,29.99,39.987,0.363
0,Niepoort Lagar de Baixo Baga 2019,12.0,0.75,24.80,33.067,0.363
0,Kir-Yianni Ramnista 2018,14.5,0.75,29.99,39.987,0.363
0,Mendel Malbec 2020,14.5,0.75,29.99,39.987,0.363
0,Trus Crianza 2019,14.5,0.75,29.99,39.987,0.363
0,Santomè Raboso Parcel #912 2012,14.5,0.75,29.99,39.987,0.363
0,Pinot Noir 11/X 2016,14.5,0.75,29.99,39.987,0.363
0,Faustino I Gran Reserva 2011,13.5,0.75,27.89,37.187,0.363
0,Laavu Cabernet Franc 2021,14.0,0.75,28.93,38.573,0.363
0,Dominio del Soto Crianza 2016,14.5,0.75,29.99,39.987,0.363
0,Movia Gredic 2018,12.0,0.75,24.76,33.013,0.363
0,Mendel Cabernet Franc 2020,14.5,0.75,29.99,39.987,0.363
0,Muratie Ansela van de Caab 2018,14.5,0.75,29.99,39.987,0.363
0,Mallaskuun Extra Special Bitter,5.2,0.33,4.73,14.333,0.363
0,Alexander Gysler Pet Nat 2022,12.0,0.75,24.80,33.067,0.363
0,Kriechel Ahr Spätburgunder B 2021,13.5,0.75,27.86,37.147,0.363
0,Smokehead Tequila Cask Terminado Single Malt,43.0,0.7,82.99,118.557,0.363
0,Beronia Gran Reserva 2016,14.0,0.75,28.98,38.64,0.362
0,Enrico Serafino Tovasacco Nebbiolo d'Alba 2017,14.0,0.75,28.98,38.64,0.362
0,St. Michael-Eppan Fallwind Riesling 2022,13.5,0.75,27.99,37.32,0.362
0,M. Chapoutier Les Tanneurs Saint-Péray 2021,13.0,0.75,26.90,35.867,0.362
0,G.D Vajra Langhe Nebbiolo 2022,14.0,0.75,28.98,38.64,0.362
0,Galipette Brut,4.5,0.33,4.10,12.424,0.362
0,Mitchell Watervale Riesling 2022,13.0,0.75,26.90,35.867,0.362
0,Château Saint-Maur l'Excellence Cru Classé 2020,13.5,0.75,27.99,37.32,0.362
0,Château de Montfaucon Comtesse Madeleine Blanc 2021,13.5,0.75,27.99,37.32,0.362
0,Marques de Arienzo Gran Reserva 2009,14.0,0.75,28.98,38.64,0.362
0,Lacryma Christi Del Vesuvio Rosso 2018,13.0,0.375,13.48,35.947,0.362
0,Matthias Gaul Asselheim Chardonnay 2020,13.5,0.75,27.99,37.32,0.362
0,El Bobal de Estenas 2021,13.0,0.75,26.96,35.947,0.362
0,Jean Loron Bourgogne Aligoté Montvallon 2021,12.0,0.75,24.86,33.147,0.362
0,Trimbach Pinot Gris Réserve 2017,14.0,0.75,28.98,38.64,0.362
0,Bava Viva in Bottiglia Frizzante 2020,13.5,0.75,27.99,37.32,0.362
0,Casa de Mouraz Encruzado 2019,13.0,0.75,26.90,35.867,0.362
0,Monte Real Gran Reserva 2015,14.0,0.75,28.99,38.653,0.362
0,Dingle Batch 6 Single Malt,46.5,0.7,89.99,128.557,0.362
0,Brinkhall Normanni tölkki,4.5,0.33,4.10,12.424,0.362
0,Kimito Mosaic Vienna,5.6,0.33,5.11,15.485,0.362
0,Diane de Belgrave 2015,13.0,0.75,26.90,35.867,0.362
0,M. Chapoutier Les Meysonniers Crozes-Hermitage 2021,13.5,0.75,27.99,37.32,0.362
0,Franck Millet Pouilly-Fumé 2022,12.5,0.75,25.89,34.52,0.362
0,Zenato Lugana Metodo Classico Brut 2019,12.5,0.75,25.98,34.64,0.361
0,Passato Organic Barbaresco 2020,14.5,0.75,30.16,40.213,0.361
0,J de Villebois Quincy 2022,12.5,0.75,25.98,34.64,0.361
0,Oenops Limniona 2019,12.5,0.75,25.98,34.64,0.361
0,Briords Cuvée Vieilles Vignes Muscadet Sèvre et Maine sur lie 2020,12.0,0.75,24.95,33.267,0.361
0,Domaine Loew Riesling Muschelkalck 2020,13.0,0.75,26.99,35.987,0.361
0,Château Maucamps 2006,12.5,0.75,25.98,34.64,0.361
0,Martin & Anna Arndorfer Handcrafted Grüner Veltliner 2022,12.0,0.75,24.95,33.267,0.361
0,Valmiñor Davila 2021,12.5,0.75,25.98,34.64,0.361
0,Heinrich Pinot Noir 2022,12.0,0.75,24.95,33.267,0.361
0,Rochefort 6,7.5,0.33,6.86,20.788,0.361
0,Zorz Sivi Pinot 2018,13.0,0.75,27.03,36.04,0.361
0,Fiskarsin Floridus Flanders Red,7.7,0.375,7.99,21.307,0.361
0,Helsinki Puolukka-Gin Likööri,26.0,0.5,36.00,72.0,0.361
0,Fernand Engel Crémant d'Alsace Chardonnay Brut,12.0,0.375,12.48,33.28,0.361
0,Epic Citralush NEIPA tölkki,7.0,0.355,6.88,19.38,0.361
0,Porto Gran Cruz Vintage 2011,19.5,0.75,40.49,53.987,0.361
0,Steintal Buntsandstein Spätburgunder 2018,12.5,0.75,25.99,34.653,0.361
0,Henri Bourgeois Sancerre Les Baronnes Rouge 2016,13.0,0.75,26.98,35.973,0.361
0,Wasem Ingelheimen Burgberg  Spätburgunder 2019,13.0,0.75,26.99,35.987,0.361
0,White Tropez 2021,13.0,0.75,27.01,36.013,0.361
0,Riunite Moscato Dolce,6.0,0.75,12.48,16.64,0.361
0,J. Moreau & Fils Chablis 2022,12.5,0.75,25.98,34.64,0.361
0,Azores Wine Vulcânico Branco 2018,12.5,0.75,25.98,34.64,0.361
0,Noi Vignaioli Barolo 2015,14.5,0.75,30.09,40.12,0.361
0,Hugel Classic Riesling 2022,12.5,0.75,25.98,34.64,0.361
0,Edmond Briottet Liquer de Basilic,18.0,0.5,24.99,49.98,0.36
0,Bernard-Massard Cremant de Luxemburg 1921 Brut Magnum,12.0,1.5,49.98,33.32,0.36
0,Chandon Garden Spritz,11.5,0.75,23.98,31.973,0.36
0,Sartori Amarone della Valpolicella 2017,15.0,0.75,31.24,41.653,0.36
0,Mallassepät Distorted Experiment Candy Sour tölkki,6.0,0.33,5.50,16.667,0.36
0,Smirnoff Ice Double Black,4.7,0.275,3.59,13.055,0.36
0,Magoutes Vielles Vignes Blanco 2021,12.0,0.75,24.99,33.32,0.36
0,Teerenpeli Kulo 7 Year Old Single Malt,50.7,0.5,70.41,140.82,0.36
0,Domaine Rolet Crémant du Jura Blanc Brut,12.0,0.75,24.99,33.32,0.36
0,Carl Loewen Alte Reben Riesling Trocken 2021,11.5,0.75,23.98,31.973,0.36
0,Gut Hermannsberg Just Riesling 2022,11.5,0.75,23.98,31.973,0.36
0,Alta Alella Aus Pet Nat 2021,12.0,0.75,24.99,33.32,0.36
0,Kimito Tropical Thunder Jenkki Lager,5.6,0.33,5.13,15.545,0.36
0,Bernard-Massard Millésimé Crémant de Luxembourg Brut 2018,12.0,0.75,24.99,33.32,0.36
0,Gut Hermannsberg Weisser Burgunder 2021,11.5,0.75,23.98,31.973,0.36
0,Meyer-Fonne Cremant d'Alsace Extra Brut,12.0,0.75,24.99,33.32,0.36
0,Il Monte Caro Valpolicella 2021,12.5,0.75,26.10,34.8,0.359
0,Tommyknocker Off Leash Juicy IPA tölkki,6.3,0.355,6.23,17.549,0.359
0,Rémy Martin 1738 Accord Royal,40.0,0.7,77.99,111.414,0.359
0,Jean Loron Rift 71 Sans Soufre Ajouté 2020,13.0,0.75,27.15,36.2,0.359
0,Olarin Runaway Neipa tölkki,7.1,0.44,8.70,19.773,0.359
0,Helsinki Pioneer Corn Release #23,43.0,0.5,59.95,119.9,0.359
0,Bucci Verdicchio dei Castelli di Jesi Classico Superiore 2021,13.0,0.75,27.13,36.173,0.359
0,Dr. H. Thanisch Riesling Kabinett Trocken 2021,10.0,0.75,20.90,27.867,0.359
0,Theophile Milan Haru Rosé 2022,13.5,0.75,28.32,37.76,0.358
0,Vallein Tercinier XO Roots,44.0,0.7,85.99,122.843,0.358
0,Noita Hex Bag 2020,12.0,0.75,25.15,33.533,0.358
0,Michel Rolland Mariflor Pinot Noir 2019,14.5,0.75,30.36,40.48,0.358
0,Sonnisaari Humalaja IPA,6.7,0.33,6.17,18.697,0.358
0,Glenmorangie 12 Year Old Palo Cortado Finish Single Malt,46.0,0.7,89.99,128.557,0.358
0,Markus Molitor Haus Klosterberg Riesling 2021,11.5,0.75,24.07,32.093,0.358
0,Glenmorangie Nectar D'or Single Malt,46.0,0.7,89.99,128.557,0.358
0,Martha’s 10 Years Old Tawny Port,19.5,0.75,40.84,54.453,0.358
0,Tarkiainen Dry Gin,37.5,0.5,52.32,104.64,0.358
0,Rutherford Hill Chardonnay 2014,14.5,0.75,30.43,40.573,0.357
0,Hakutsuru Superior Junmai Ginjo Sake,14.5,0.72,29.25,40.625,0.357
0,Franco Conterno Barbera d'Alba Cascina Sciulun 2021,14.0,0.375,14.71,39.227,0.357
0,Tokaj-Hétszölö Dry Furmint 2019,13.0,0.75,27.30,36.4,0.357
0,1906 Reserva Especial Helles Bock tölkki,6.5,0.33,6.01,18.212,0.357
0,Nadal Hainaut Cuvée Marie Chardonnay 2020,13.0,0.75,27.32,36.427,0.357
0,H & H Sercial 10 Years Old Madeira,20.0,0.375,20.98,55.947,0.357
0,Plantation Fiji Islands Single Cask Rum 2001,45.8,0.7,89.90,128.429,0.357
0,Vigneto San Vito Posca Rossa,13.5,0.75,28.37,37.827,0.357
0,Cigar City Theorectical Jam Wheat Ale tölkki,6.0,0.355,5.98,16.845,0.356
0,Salama Neon Shadow Session NEIPA tölkki,3.5,0.44,4.33,9.841,0.356
0,Helsinki Whiskey Rye Malt Islay Whisky Finish Release #18,47.5,0.5,66.76,133.52,0.356
0,Sparici Landini Amarone della Valpolicella Classico 2019,15.0,0.75,31.59,42.12,0.356
0,Alexander Gysler Pinot Brut,12.0,0.75,25.30,33.733,0.356
0,Fernet-Branca 3-pack,39.0,0.06,6.57,109.5,0.356
0,Los Tres Toños Añejo Tequila,38.0,0.5,53.30,106.6,0.356
0,Conde Valdemar Gran Reserva 2015,14.0,0.75,29.50,39.333,0.356
0,Damilano Arneis 2021,13.5,0.375,14.21,37.893,0.356
0,Campbells Rutherglen Muscat,17.5,0.375,18.42,49.12,0.356
0,Früli Strawberry Beer,4.1,0.33,3.80,11.515,0.356
0,Etko Everytime We Touch Double NEIPA tölkki,8.0,0.44,9.89,22.477,0.356
0,Kuninkaantien Tuorlan Savukaura,5.3,0.33,4.91,14.879,0.356
0,Noita Riesling 2020,9.5,0.75,19.99,26.653,0.356
0,Teerenpeli Kaski Single Malt,43.0,0.5,60.32,120.64,0.356
0,Anno Domini 47 Prosecco Extra Dry 2020,11.0,0.75,23.27,31.027,0.355
0,Mosgaard Organic Oloroso Cask Single Malt,47.0,0.5,66.28,132.56,0.355
0,Manousakis Nostos Assyrtiko 2019,15.0,0.75,31.73,42.307,0.355
0,Lindemans Tarot Noir,8.0,0.25,5.63,22.52,0.355
0,Joseph Scharsch Gewurztraminer 2021,13.5,0.75,28.50,38.0,0.355
0,Mas Goma La Planta Brut Nature,11.5,0.75,24.32,32.427,0.355
0,Eschenhof Holzer Raw Rosè,12.0,0.5,16.90,33.8,0.355
0,Churchill Reserve Port,19.5,0.2,10.99,54.95,0.355
0,Boulard XO Calvados,40.0,0.7,78.98,112.829,0.355
0,United Gypsies Nutty Kuti Honey Lager,7.5,0.33,6.98,21.152,0.355
0,Apis Bio Sfera,13.0,0.75,27.43,36.573,0.355
0,J. Hofstätter Meczan 2022,13.0,0.75,27.49,36.653,0.355
0,Ardbeg Uigeadail Single Malt,54.2,0.7,106.99,152.843,0.355
0,Anno Domini 47 Prosecco Rosé Extra Dry 2020,11.0,0.75,23.27,31.027,0.355
0,Lepola Medium Dry Apple Cider,6.5,0.33,6.05,18.333,0.355
0,Massimo Rivetti Avene Langhe Nebbiolo 2020,13.5,0.75,28.50,38.0,0.355
0,Louis Jadot Bourgogne Côte d'Or 2020,13.0,0.75,27.49,36.653,0.355
0,Turasan Ökuzgözu 2019,12.5,0.75,26.46,35.28,0.354
0,Teeling Whiskey Single Cask Aquavit,46.0,0.7,90.90,129.857,0.354
0,Georg Müller Stiftung Schützenhaus Riesling Trocken Erste Lage 2019,12.5,0.75,26.48,35.307,0.354
0,Bouchard Hautes-Côtes de Beaune 2021,12.5,0.75,26.48,35.307,0.354
0,Schloss Wackerbarth Bacchus trocken 2022,11.5,0.75,24.35,32.467,0.354
0,Pühaste Silver Series Saeculum Whisky BA Imperial Porter,14.5,0.33,13.50,40.909,0.354
0,Gancia Brachetto d'Acqui Dolce,6.5,0.75,13.78,18.373,0.354
0,Belgian Owl Identite Single Malt,46.0,0.5,64.99,129.98,0.354
0,Domaine Zind-Humbrecht Pinot Gris 2022,12.0,0.75,25.45,33.933,0.354
0,Friedenfelser Radler,2.7,0.5,3.82,7.64,0.353
0,Kakola Atelier 35 Hazelnut & Orange Imperial Stout,9.6,0.33,8.97,27.182,0.353
0,Zanchi Antichi Cloni Ciliegiolo Bio 2019,13.0,0.75,27.59,36.787,0.353
0,Zenato Ripassa Valpolicella Superiore Magnum 2019,14.0,1.5,59.45,39.633,0.353
0,Kyrö Malt muovipullo,47.2,0.05,6.68,133.6,0.353
0,Saltkis Suolakaramelli Shotti muovipullo,18.0,0.05,2.55,51.0,0.353
0,Tiefenbrunner Turmhof Cabernet Sauvignon 2018,13.5,0.75,28.66,38.213,0.353
0,Knauss Pure Red 2018,11.0,0.75,23.35,31.133,0.353
0,Renacer Milamore 2019,14.0,0.375,14.88,39.68,0.353
0,Ca' Vendri Amarone della Valpolicella 2020,15.0,0.75,31.83,42.44,0.353
0,David Sterza Valpolicella Ripasso Classico Superiore 2020,14.0,0.75,29.71,39.613,0.353
0,Tempus Two Lighten Up Pinot Noir 2020,7.0,0.75,14.87,19.827,0.353
0,Del Professore Aperitivo,15.0,0.7,29.84,42.629,0.352
0,Brill Barack Palinka,40.0,0.5,56.74,113.48,0.352
0,The Dalmore 12 Year Old Single Malt,40.0,0.7,79.50,113.571,0.352
0,Coquerel Pomme d'Eve,40.0,0.7,79.55,113.643,0.352
0,Château de Maligny Petit Chablis 2022,12.5,0.75,26.67,35.56,0.352
0,Enzo Bartoli Barolo 2019,13.5,0.75,28.77,38.36,0.352
0,Valamo Luostariviski,40.0,0.5,56.77,113.54,0.352
0,Moretti Omero Montefalco Rosso 2015,14.0,0.75,29.82,39.76,0.352
0,Château Lamarsalle 2019,14.0,0.75,29.86,39.813,0.352
0,Port Charlotte Islay Barley Single Malt 2014,50.0,0.7,99.40,142.0,0.352
0,Quinta Varzea da Pedra Tinto Reserva 2019,14.0,0.75,29.80,39.733,0.352
0,Inama Carmenere Più 2020,14.0,0.75,29.86,39.813,0.352
0,Guado al Melo Rute 2020,14.0,0.75,29.82,39.76,0.352
0,William Hill Napa Valley Chardonnay 2017,14.0,0.75,29.80,39.733,0.352
0,Ca'Nova San Quirico 2008,13.5,0.75,28.78,38.373,0.352
0,Massolino Langhe Nebbiolo 2021,14.0,0.75,29.90,39.867,0.351
0,Tenuta delle Terre Nere Etna Rosso 2022,14.0,0.75,29.90,39.867,0.351
0,Kalleske Greenock Shiraz 2021,14.5,0.75,30.98,41.307,0.351
0,Scarpa Verduno Pelaverga 2021,13.5,0.75,28.83,38.44,0.351
0,Penfolds Father Grand Tawny,18.5,0.75,39.49,52.653,0.351
0,St Germain,20.0,0.7,39.92,57.029,0.351
0,Kilchoman 100% Islay 12th Edition Single Malt,50.0,0.7,99.85,142.643,0.351
0,L'alba al Turó Rosat,11.5,0.75,24.57,32.76,0.351
0,Black Stallion Chardonnay 2021,14.5,0.75,30.99,41.32,0.351
0,Pascal Bouchard Chablis le Classique 2022,13.0,0.75,27.80,37.067,0.351
0,Villa Sparina Del Commune di Gavi 2022,13.0,0.375,13.89,37.04,0.351
0,Comando G La Bruja de Rozas 2020,14.5,0.75,30.95,41.267,0.351
0,Domaine Les Hautes Noëlles Voulez-Vous Gamay Avec Moi? 2021,12.0,0.75,25.62,34.16,0.351
0,Teo Costa Ligabue Nebbiolo D'Alba 2021,13.5,0.75,28.87,38.493,0.351
0,Poliziano Vino Nobile di Montepulciano 2020,14.5,0.75,30.98,41.307,0.351
0,Malfy Gin & Tonica Rosa,7.0,0.25,4.98,19.92,0.351
0,Wijnkasteel Genoels-Elderen Zwarte Parel Brut 2018,12.5,0.75,26.73,35.64,0.351
0,Quid Pro Quo Reserva Tinto 2018,14.5,0.75,30.98,41.307,0.351
0,Glasgow 1770 Peated Single Malt,46.0,0.7,91.70,131.0,0.351
0,Campillo Reserva Colección 2017,14.5,0.75,30.99,41.32,0.351
0,Paolo Cali Manene 2019,13.5,0.75,28.95,38.6,0.35
0,Borgogno Langhe Nebbiolo 2021,14.0,0.75,29.99,39.987,0.35
0,Nikolaihof Riesling 2019,12.5,0.75,26.77,35.693,0.35
0,Dourakis Lihnos Vidiano 2021,14.0,0.75,29.97,39.96,0.35
0,Pflüger Tradition Pinot Noir 2021,13.0,0.75,27.89,37.187,0.35
0,Coyam 2020,14.0,0.75,29.99,39.987,0.35
0,Stadin New England IPA,5.5,0.33,5.19,15.727,0.35
0,Pizzolato Il Barbarossa Malanotte 2018,14.0,0.75,29.99,39.987,0.35
0,Vérizet Viré-Clessé Quintaine 2021,13.0,0.75,27.89,37.187,0.35
0,Chivas Regal 18 Years Old,40.0,0.7,79.98,114.257,0.35
0,Steininger Grüner Veltliner Brut 2018,13.5,0.75,28.89,38.52,0.35
0,Clos La Rose 2011,13.5,0.75,28.95,38.6,0.35
0,Vigneti del Vulture Piano del Cerro 2019,14.0,0.75,29.99,39.987,0.35
0,Els Vinyerons Lluerna 2019,12.0,0.75,25.81,34.413,0.349
0,Lepola Cucumber Apple Cider,5.5,0.33,5.20,15.758,0.349
0,Mylläri Pils tölkki,5.0,0.44,6.30,14.318,0.349
0,Kuentz-Bas L'Etoile Trois Châteaux 2019,13.5,0.75,28.98,38.64,0.349
0,Monte Bernardi Retromarcia Chianti Classico 2021,13.5,0.75,28.98,38.64,0.349
0,Michele Chiarlo Le Orme Barbera d'Asti 2021,13.5,0.75,29.00,38.667,0.349
0,Baron de Ley Gran Reserva 2016,13.5,0.75,28.98,38.64,0.349
0,Jackson-Triggs Grand Reserve Chardonnay 2019,13.5,0.75,28.99,38.653,0.349
0,Philipp Kuhn Pinot Noir Laumersheimer Réserve 2017,13.5,0.75,28.98,38.64,0.349
0,Joseph Drouhin Laforêt Bourgogne Chardonnay 2021,12.5,0.75,26.90,35.867,0.349
0,Baileys Chocolat Luxe,15.7,0.5,22.49,44.98,0.349
0,Domaine Ricardelle de Lautrec Pet Nat Pètillant Naturel 2022,11.5,0.75,24.70,32.933,0.349
0,Beatrice Et Pascal Lambert Chinon Le Droit Chenin 2022,13.5,0.75,28.98,38.64,0.349
0,Lindemans Tarot d’Or,8.0,0.25,5.73,22.92,0.349
0,Terredora di Paolo Fatica Contadina Taurasi 2015,13.5,0.75,28.99,38.653,0.349
0,Alfredo Arribas Gotes del Priorat 2021,14.0,0.75,30.11,40.147,0.349
0,Kendall Jackson Vintner's Reserve Chardonnay 2020,13.5,0.75,28.98,38.64,0.349
0,Tartarus Rearea Strawberry Lime & Coconut Sour tölkki,6.3,0.44,7.94,18.045,0.349
0,Leyda Lot 4 Sauvignon Blanc 2021,12.5,0.75,26.88,35.84,0.349
0,Tetramythos Roditis Nature 2020,12.0,0.75,25.81,34.413,0.349
0,Chapelle de Potensac 2016,13.5,0.75,28.98,38.64,0.349
0,Kavalan Port Cask Finish Concertmaster Single Malt,40.5,0.7,81.47,116.386,0.348
0,Louis Jadot Couvent des Jacobins Chardonnay 2022,13.0,0.75,27.99,37.32,0.348
0,Birgit Braunstein Chardonnay Felsenstein 2019,13.0,0.75,27.99,37.32,0.348
0,Pöhjala Õunaraks tölkki,4.2,0.33,3.98,12.061,0.348
0,Mosgaard Organic Pedro Ximenez Cask Single Malt,47.0,0.5,67.48,134.96,0.348
0,Sansilvestro Barolo Patres 2018,14.5,0.75,31.24,41.653,0.348
0,Pago de Tharsys Millésime Rosé Reserva Cava Brut 2019,12.0,0.75,25.89,34.52,0.348
0,Artemis Karamolegos Terra Nera White 2021,13.0,0.75,27.99,37.32,0.348
0,Louis M. Martini Sonoma County Cabernet Sauvignon 2018,13.5,0.75,29.21,38.947,0.347
0,Minuty Prestige Rosé 2022,12.5,0.75,26.99,35.987,0.347
0,Iso-Kallan Karviais Gose,5.0,0.33,4.75,14.394,0.347
0,Wente Riva Ranch Chardonnay 2019,13.5,0.375,14.58,38.88,0.347
0,Antica Formula,16.5,1.0,47.49,47.49,0.347
0,Ferrari Organic Brut,12.5,0.75,27.00,36.0,0.347
0,Zarate Albariño 2021,12.5,0.75,26.98,35.973,0.347
0,Hiisi Kratti Red Hibiscus & Darjeeling Sour,5.5,0.33,5.23,15.848,0.347
0,Hush Wines Hawke's Bay Syrah 2020,14.0,0.75,30.30,40.4,0.347
0,Dreissigacker Vintages Riesling,12.5,0.75,26.98,35.973,0.347
0,Duration x Verdant Pression IPA tölkki,6.2,0.44,7.89,17.932,0.346
0,Piccini Valiano 6.38 Chianti Classico Gran Selezione 2011,14.0,1.5,60.76,40.507,0.346
0,Conterno Fantino Vignota Barbera d'Alba 2019,14.5,0.75,31.44,41.92,0.346
0,Il Monte Caro Il Biondo 2020,12.0,0.75,25.99,34.653,0.346
0,To Øl Berry Barrage tölkki,5.2,0.44,6.61,15.023,0.346
0,Koli Olut Belgian Ale,8.6,0.33,8.21,24.879,0.346
0,Põhjala Baltic Porter Day 2022 BA 2022,10.5,0.33,10.02,30.364,0.346
0,Panyolai Aranyalma,38.0,0.5,54.87,109.74,0.346
0,Birgit Braunstein Pinot Vom Sonnenberg 2017,13.0,0.75,28.18,37.573,0.346
0,Brick Brut,4.5,0.33,4.29,13.0,0.346
0,Mazzei Fonterutoli Chianti Classico 2020,13.5,0.75,29.31,39.08,0.345
0,Williams Ginger Ale,3.5,0.5,5.07,10.14,0.345
0,Uiltje Flippity Hop Flop NEIPA tölkki,5.5,0.44,7.02,15.955,0.345
0,Alta Alella Aus Pét-Nat Rosé 2021,11.5,0.75,24.99,33.32,0.345
0,4 Kilos The Island Syndicate 2019,11.5,0.75,24.99,33.32,0.345
0,Yamada Nishiki Sake,14.5,0.3,12.60,42.0,0.345
0,Schloss Johannisberger Gelblack Riesling Trocken 2020,12.5,0.75,27.28,36.373,0.344
0,Ardbeg Corryvreckan Single Malt,57.1,0.7,116.25,166.071,0.344
0,Bock's Apple Cider,4.6,0.33,4.41,13.364,0.344
0,Cocchi Americano Bianco,16.5,0.75,35.99,47.987,0.344
0,Matervi Anonimo,12.5,0.75,27.23,36.307,0.344
0,Discarded Sweet Cascara Vermouth,21.0,0.5,30.54,61.08,0.344
0,Can Sumoi La Rosa 2021,11.0,0.75,23.98,31.973,0.344
0,Théophile Milan Reynard Rebels 2022,13.0,0.75,28.32,37.76,0.344
0,The Macallan Triple Cask 12 Year Old Single Malt,40.0,0.7,81.56,116.514,0.343
0,Naoussa Boutari Grande Reserve 2013,12.5,0.75,27.34,36.453,0.343
0,Chez Jau Rivesaltes Grenat 2010,15.5,0.5,22.60,45.2,0.343
0,Strauch Róse Brut,10.5,0.75,22.99,30.653,0.343
0,Kamiki Blended Malt,48.0,0.5,69.89,139.78,0.343
0,Marenco Asti Dolce,6.5,0.75,14.20,18.933,0.343
0,Manousakis Nostos Muscat of Spina 2020,14.5,0.75,31.73,42.307,0.343
0,Selbach-Oster Riesling Kabinett 2020,10.5,0.75,22.97,30.627,0.343
0,Schmelzer Bicolor,12.0,0.75,26.27,35.027,0.343
0,Mongarda Valdobbiadene Prosecco Superiore Brut 2022,11.0,0.75,24.09,32.12,0.342
0,Ararat Akhtamar 10 Year Old,40.0,0.5,58.43,116.86,0.342
0,Seven Island & Eighteenth Street Asphodelus tölkki,7.5,0.44,9.66,21.955,0.342
0,Sella & Mosca Terre Rare Riserva 2015,13.0,0.75,28.48,37.973,0.342
0,Verrocchio Amarone della Valpolicella Classico 2019,15.0,0.75,32.90,43.867,0.342
0,Five Farms Cream Liqueur keraaminen pullo,17.0,0.7,34.78,49.686,0.342
0,Mallassepät Salted Liquorice Blackcurrant Sour tölkki,5.3,0.33,5.11,15.485,0.342
0,Domaine Figeat Pouilly-Fumé XXL 2022,13.5,0.75,29.73,39.64,0.341
0,Tired Uncle The Golden Uncle New England IPA tölkki,6.0,0.33,5.81,17.606,0.341
0,Jean-Marie Reverdy Sancerre La Villaudière 2022,12.5,0.75,27.49,36.653,0.341
0,Casalforte Amarone della Valpolicella 2018,15.0,0.75,32.99,43.987,0.341
0,Ausonia Machaon Abruzzo Pecorino 2021,13.5,0.75,29.67,39.56,0.341
0,Can Axartell Corum 2019,12.5,0.75,27.50,36.667,0.341
0,Cognac Park Mizunara Aged 10 Years,44.0,0.7,90.43,129.186,0.341
0,Agustí Torelló Mata Gran Reserva Cava Brut Nature 2017,11.5,0.75,25.32,33.76,0.341
0,Chateau Maucoil 1895 Vieilles Vignes 2021,14.5,0.75,31.90,42.533,0.341
0,Laroche Chablis L 2022,12.0,0.75,26.48,35.307,0.34
0,Panyolai Misztikum Mák Likör,30.0,0.5,44.08,88.16,0.34
0,Brill Afonyas Gyümölcs Palinka,38.0,0.47,52.51,111.723,0.34
0,Chit-Chat Chenin 2020,14.0,0.75,30.91,41.213,0.34
0,El Esteco Fincas Notables Cabernet Franc 2020,14.5,0.75,31.98,42.64,0.34
0,Tierras de Armenia Karas White Blend 2022,13.5,0.75,29.80,39.733,0.34
0,Château de Montifaud Premium L10 VSOP,40.0,0.7,82.36,117.657,0.34
0,Dezzani Barolo San Carlo 2016,14.5,0.75,31.98,42.64,0.34
0,Chateau Musar Hochar 2020,14.0,0.75,30.99,41.32,0.339
0,Djuce Mehling Riesling 2022 tölkki,11.5,0.25,8.49,33.96,0.339
0,Moillard Maranges Mosaïque 2019,13.5,0.75,29.90,39.867,0.339
0,Olarra Gran Reserva 2015,13.5,0.75,29.89,39.853,0.339
0,Jaboulet Crozes Hermitage Les Jalets 2021,13.5,0.75,29.90,39.867,0.339
0,Château Puygueraud Rouge 2014,14.0,0.75,30.99,41.32,0.339
0,Domaine Perriere Sancerre 2022,13.5,0.75,29.90,39.867,0.339
0,Louna Rose-siideri,5.5,0.33,5.35,16.212,0.339
0,Joseph Scharsch GW Pétillant Naturel,13.5,0.75,29.90,39.867,0.339
0,Ornellaia Le Volte 2021,13.5,0.75,29.90,39.867,0.339
0,Il Falcone Riserva 2017,13.5,0.75,29.90,39.867,0.339
0,KWV The Mentors Petit Verdot 2018,14.0,0.75,30.95,41.267,0.339
0,KWV The Mentors Grenache Blanc 2017,14.0,0.75,30.95,41.267,0.339
0,Ricossa Barolo 2018,14.0,0.75,30.98,41.307,0.339
0,La Luolle La Coulée Rare Pinot Noir 2021,13.0,0.75,28.76,38.347,0.339
0,Terre d'Eclat Crozes-Hermitage 2020,13.5,0.75,29.90,39.867,0.339
0,Epic Space Debris IPA tölkki,6.2,0.355,6.49,18.282,0.339
0,Château de Castres 2016,13.5,0.75,29.99,39.987,0.338
0,NES Passito di Pantelleria 2019,14.5,0.375,16.07,42.853,0.338
0,Manousakis Nostos Pink 2021,13.5,0.75,29.97,39.96,0.338
0,Ramirana Trinidad Vineyard 2015,14.0,0.75,31.10,41.467,0.338
0,Volpaia Chianti Classico 2021,13.5,0.375,14.98,39.947,0.338
0,Jopen Many-Faced Got,10.5,0.33,10.26,31.091,0.338
0,Banfi Chianti Classico Riserva 2017,13.5,0.75,29.99,39.987,0.338
0,Williams Orange Ginger tölkki,3.4,0.44,4.43,10.068,0.338
0,Poggio le Volpi Roma Edizione Limitata 2016,13.5,0.75,29.99,39.987,0.338
0,Kilchoman 100% Islay 13th Edition Single Malt,50.0,0.7,103.41,147.729,0.338
0,Cucco Barolo Serralunga d'Alba 2018,15.0,0.75,33.29,44.387,0.338
0,LAN Viña Lanciano Reserva  2017,13.5,0.75,29.99,39.987,0.338
0,Gorghi Tondi Meridiano 12 Zibibbo 2021,12.0,0.75,26.63,35.507,0.338
0,Farnito Camponibbio 2015,13.5,0.75,29.99,39.987,0.338
0,Teerenpeli Hard Seltzer Veriappelsiini,4.5,0.33,4.39,13.303,0.338
0,Domaine Loew Muscat Les Marnes Vertes 2020,13.5,0.75,29.99,39.987,0.338
0,Avondale Cyclus 2017,13.5,0.75,29.98,39.973,0.338
0,Raul Perez Ultreia Godello 2021,13.5,0.75,29.99,39.987,0.338
0,Aveleda Parcela do Roseiral 2020,13.5,0.75,29.99,39.987,0.338
0,Szigeti Rouge de Noirs Sekt Extra Dry,13.5,0.75,29.95,39.933,0.338
0,Clos Alkio Caminito a Motel Blanco 2022,13.5,0.75,29.99,39.987,0.338
0,Il Mio Sauvignon Frizzante 2020,13.5,0.75,30.00,40.0,0.338
0,Greywacke Wild Sauvignon 2020,13.5,0.75,29.99,39.987,0.338
0,Gorghi Tondi Coste a Preola Grillo 2021,12.0,0.75,26.63,35.507,0.338
0,Cune Gran Reserva 2012,13.5,0.75,29.98,39.973,0.338
0,Barons de Rothschild Réserve Spéciale 2015,12.5,0.75,27.82,37.093,0.337
0,Hardy Fine Champagne XO,40.0,0.7,82.99,118.557,0.337
0,Nadal Salvatge Rosé Brut 2018,12.5,0.75,27.82,37.093,0.337
0,Petra Unger Ried Hinters Kirchl  Reserve Riesling 2020,13.5,0.75,30.01,40.013,0.337
0,Château Margüi Rosé 2021,13.0,0.75,28.89,38.52,0.337
0,Jean-Paul Brun Beaujolais L'Ancien Terres Dorées 2022,13.0,0.75,28.96,38.613,0.337
0,Clos Joanne D'Orion Pouilly-Fumé 2021,12.5,0.75,27.86,37.147,0.337
0,Podere Ruggeri Corsini Lolly Chardonnay 2021,14.0,0.75,31.12,41.493,0.337
0,FJ Regnery Klüsserather Bruderschaft Bestes Fuder Trocken Pinot Noir 2020,13.0,0.75,28.95,38.6,0.337
0,Joseph Scharsch Crémant d'Alsace Brut 2021,12.5,0.75,27.80,37.067,0.337
0,Amarula Marula Fruit Cream muovipullo,17.0,0.05,2.53,50.6,0.336
0,Wieninger Ried Herrenholz Grüner Veltliner 2021,13.0,0.75,28.98,38.64,0.336
0,Terre Nere Etna Rosato 2021,13.0,0.75,28.98,38.64,0.336
0,Louis Jadot Couvent des Jacobins Pinot Noir 2022,13.0,0.75,28.98,38.64,0.336
0,Castelmondo Amarone della Valpolicella 2019,15.0,0.75,33.49,44.653,0.336
0,Domaine du Clos des Aumônes Vouvray Brut,13.5,0.75,30.17,40.227,0.336
0,Choya Extra Years Umeshu,17.0,0.7,35.40,50.571,0.336
0,Avgvstvs Chardonnay 2022,13.0,0.75,28.98,38.64,0.336
0,Pfaff Pinot Gris Grand Cru Steinert 2014,13.0,0.75,28.98,38.64,0.336
0,Château Ksara 2018,13.5,0.75,30.16,40.213,0.336
0,Diplomático Reserva Exclusiva,40.0,0.05,5.95,119.0,0.336
0,Château Teyssier 2018,14.5,0.75,32.40,43.2,0.336
0,Cafaggio Chianti Classico Riserva 2018,14.5,0.75,32.48,43.307,0.335
0,Sattlerhof Eichberg Muskateller 2021,12.5,0.75,27.99,37.32,0.335
0,Ägräs Malt VYS Single Barrel,53.3,0.5,79.56,159.12,0.335
0,Estate Argyros Santorini Assyrtiko 2021,14.5,0.75,32.50,43.333,0.335
0,Bouvet Saphir Saumur Vintage Brut,12.5,0.375,13.99,37.307,0.335
0,Bodegas Áster Crianza 2019,14.5,0.75,32.48,43.307,0.335
0,Helsinki Whiskey Rye Malt Release #22,53.2,0.5,79.49,158.98,0.335
0,Joseph Scharsch Muscat 2022,12.5,0.75,27.95,37.267,0.335
0,Château Beaumont 2020,13.5,0.75,30.26,40.347,0.335
0,Barth Riesling Brut,12.0,0.75,26.90,35.867,0.335
0,Bodegas Protos'27 Tinto 2020,14.0,0.75,31.37,41.827,0.335
0,Nik Weis St. Urbanshof Schiefer Riesling Magnum 2018,11.5,1.5,51.49,34.327,0.335
0,Big Sky Te Muna Road Pinot Noir 2019,14.5,0.75,32.47,43.293,0.335
0,Prantner Mosoly Cuvée 2020,14.5,0.75,32.48,43.307,0.335
0,Weszeli Steingarten Grüner Veltliner 2021,12.5,0.75,27.99,37.32,0.335
0,Kühling-Gillot Oppenheim Riesling Trocken 2021,12.5,0.75,27.99,37.32,0.335
0,Lyrarakis Minimus 2018,9.5,0.375,10.65,28.4,0.335
0,Verla XO,38.0,0.5,56.96,113.92,0.334
0,Mas Gomà La Volta Brut Nature,11.5,0.75,25.81,34.413,0.334
0,CoolHead Double Fruited Candy Sour Tiger Dreams tölkki,6.0,0.33,5.93,17.97,0.334
0,Pühaste Silver Series Shadow Whisperer Bourbon BA Imperial Stout 14 %,14.0,0.33,13.83,41.909,0.334
0,Els Vinyerons Pregadeu Cava Brut Nature 2019,11.5,0.75,25.81,34.413,0.334
0,Frieden-Berg Sauvignon Blanc Nittel 2021,12.0,0.75,26.96,35.947,0.334
0,Brew By Numbers 85 Triple IPA Mosaic Sabro tölkki,10.0,0.25,7.49,29.96,0.334
0,Mathern Niederhäuser Hermannshöhle Riesling trocken 2019,13.0,0.75,29.21,38.947,0.334
0,Fratelli Pardi Montefalco Rosso 2019,14.5,0.375,16.34,43.573,0.333
0,Lumo White Sweet,10.5,0.5,15.76,31.52,0.333
0,Jean-Baptiste Adam Riesling Grand Cru Kaefferkopf 2017,13.0,0.375,14.62,38.987,0.333
0,Domaine des Genets Vacqueyras 2019,13.5,0.75,30.36,40.48,0.333
0,Domaine des Billards Saint Amour 2021,13.0,0.75,29.25,39.0,0.333
0,La Marea Grenache  2018,13.6,0.75,30.70,40.933,0.332
0,Dona Berta Reserva Tinto 2016,13.5,0.75,30.51,40.68,0.332
0,Quinta do Ataíde Vinha do Arco Touriga Nacional 2016,13.5,0.75,30.49,40.653,0.332
0,The Macallan Sherry Oak 12 Years Old Single Malt,40.0,0.7,84.36,120.514,0.332
0,Tommyknocker Cocoa Porter tölkki,5.7,0.355,6.09,17.155,0.332
0,Cesari Bosan Ripasso Superiore 2018,14.0,0.75,31.65,42.2,0.332
0,Josmeyer Pinot Blanc Mise du Printemps 2022,12.5,0.75,28.27,37.693,0.332
0,Raja Riesling 2017,11.5,0.75,25.99,34.653,0.332
0,Brew By Numbers 19 Summer Solero Gose tölkki,5.5,0.44,7.28,16.545,0.332
0,Ökonomierat Rebholz Riesling trocken 2018,11.5,0.75,25.98,34.64,0.332
0,Sonnisaari Mulkero Porter,5.5,0.33,5.46,16.545,0.332
0,Haapala Korpikuusen Kuiskaus,5.2,0.33,5.19,15.727,0.331
0,Pirske Vadelma,4.0,0.275,3.32,12.073,0.331
0,Viñas del Jaro Jaros 2018,14.5,0.75,32.90,43.867,0.331
0,Alessandro Rivetto Albori Nascetta 2020,13.0,0.75,29.42,39.227,0.331
0,Woodlands Wilyabrup Valley Chardonnay 2021,13.0,0.75,29.45,39.267,0.331
0,Pirske Appelsiini,4.0,0.275,3.32,12.073,0.331
0,Glenfiddich 15 Year Old Single Malt,40.0,0.7,84.49,120.7,0.331
0,Baladin Isaac,5.0,0.33,4.98,15.091,0.331
0,Emilio Moro 2020,14.0,0.75,31.69,42.253,0.331
0,Ten Hands Shadow Puppets tölkki,6.0,0.33,5.98,18.121,0.331
0,Casa Marin Litoral Syrah 2013,12.0,0.75,27.21,36.28,0.331
0,Joseph Drouhin Pouilly-Vinzelles 2019,13.0,0.375,14.75,39.333,0.331
0,Prantner Cabernet Sauvignon 2020,15.5,0.75,35.15,46.867,0.331
0,Louis Jadot Bourgogne Chardonnay Couvent des Jacobins 2022,13.0,0.375,14.73,39.28,0.331
0,Compass Box Hedonism Blended Grain,43.0,0.7,90.97,129.957,0.331
0,Pirske Lime,4.0,0.275,3.32,12.073,0.331
0,Kanavan Toivo Red Ale,5.5,0.33,5.49,16.636,0.331
0,Husky Stout,6.9,0.33,6.91,20.939,0.33
0,Allegrini Lugana Oasi Mantellina 2022,13.0,0.75,29.52,39.36,0.33
0,Mallaskoski Hera Sherry Barrel Aged Imperial Red Ale,10.5,0.75,23.89,31.853,0.33
0,Omnipollo In Plenty Almond Coffee Imperial Stout,12.0,0.33,11.99,36.333,0.33
0,Noita Nouveau 2021,11.0,0.75,24.99,33.32,0.33
0,Black Stallion Cabernet Sauvignon 2020,14.5,0.75,32.99,43.987,0.33
0,BioDyn Weinhof Haider Delirious 2022,10.0,0.75,22.73,30.307,0.33
0,Rockmill Galactic Brotherhood BBA Imperial Stout,11.0,0.5,16.66,33.32,0.33
0,Lucente 2021,14.5,0.75,32.99,43.987,0.33
0,La Spinetta Langhe Nebbiolo 2021,14.0,0.75,31.83,42.44,0.33
0,Loimer Pet Nat Trocken 2021,11.0,0.75,24.99,33.32,0.33
0,Lepola Mead Apple & Honey Cyser,10.0,0.5,15.15,30.3,0.33
0,Van Zellers & Co 10 Years Old Tawny Port,20.0,0.75,45.50,60.667,0.33
0,Crystal Head Pride Vodka,40.0,0.7,85.00,121.429,0.329
0,Loimaan Loiva Blond Ale,5.3,0.33,5.32,16.121,0.329
0,Finca de Los Locos 2021,14.0,0.75,31.90,42.533,0.329
0,Domaine du Mortier Pangramme 2020,13.5,0.75,30.80,41.067,0.329
0,Nunzi Conti Chianti Classico 2019,13.5,0.75,30.76,41.013,0.329
0,Duttenberg Riesling 2021,13.0,0.75,29.63,39.507,0.329
0,Dugges Rum & Cola Barrel Aged Fruit & Spice Sour,7.0,0.33,7.02,21.273,0.329
0,Scrimaglio Barbaresco 2020,14.0,0.75,31.90,42.533,0.329
0,The Balvenie DoubleWood 12 Year Old Single Malt,40.0,0.7,84.98,121.4,0.329
0,Domaine Lou Fréjau Châteauneuf-du-Pape 2020,14.5,0.75,33.06,44.08,0.329
0,Planeta Etna Bianco 2020,12.5,0.75,28.48,37.973,0.329
0,Château Montus 2017,14.0,0.75,31.90,42.533,0.329
0,Paul Blanck Pinot Noir 2020,13.0,0.75,29.73,39.64,0.328
0,Moric Balaton Hidden Treasures NR3 2020,13.0,0.75,29.73,39.64,0.328
0,Henri Bourgeois Sancerre Les Baronnes Blanc 2021,14.0,0.375,15.99,42.64,0.328
0,Kremser Kreuzberg Riesling Kremstal Reserve 2021,13.5,0.75,30.89,41.187,0.328
0,Laporte Sancerre Rouge Les Grandmontains 2021,13.0,0.75,29.73,39.64,0.328
0,Prantner Kadarka 2022,13.0,0.75,29.73,39.64,0.328
0,Clemens Busch Riesling 2021,10.5,0.75,23.98,31.973,0.328
0,Gorghi Tondi Gilletto Grillo 2019,12.0,0.75,27.45,36.6,0.328
0,Chateau Fuissé Julienas 2019,14.5,0.75,33.13,44.173,0.328
0,Prantner Kékfrankos 2021,13.5,0.75,30.87,41.16,0.328
0,Epic Escape To Colorado IPA tölkki,6.2,0.355,6.72,18.93,0.328
0,Boffa Na Mira 2020,14.0,0.75,31.98,42.64,0.328
0,Bründlmayer Riesling Steinmassel 2021,12.0,0.75,27.49,36.653,0.327
0,Domaine de Chassipol Mâcon Chardonnay 2021,13.0,0.75,29.86,39.813,0.327
0,Bladnoch Samsara Single Malt,46.7,0.7,99.99,142.843,0.327
0,E. Guigal Crozes-Hermitage 2020,13.5,0.75,30.99,41.32,0.327
0,Isola Augusta VinoVivo,13.0,0.75,29.82,39.76,0.327
0,Juvé y Camps Gran Reserva Cava Brut Nature 2018,12.0,0.75,27.53,36.707,0.327
0,Salvatore Marino Turi Rosato 2021,12.0,0.75,27.50,36.667,0.327
0,Arctic Blue Oat,17.0,0.5,25.99,51.98,0.327
0,Bönnigheimer Weissburgunder Gipskeuper 2018,13.0,0.75,29.84,39.787,0.327
0,Vale D. Maria Vinhas Do Sabor 2021,13.0,0.75,29.86,39.813,0.327
0,Pirkka Barolo Riserva 2016,14.5,0.75,33.30,44.4,0.327
0,Kuninkaantien Tuorlan Tähti Pils,4.5,0.33,4.54,13.758,0.327
0,Ron Matusalem 23 Gran Reserva,40.0,0.7,85.50,122.143,0.327
0,Fettercairn 16 Years Old 2023 Release Single Malt,46.4,0.7,99.45,142.071,0.327
0,Château Beaumont 2013,13.0,0.75,29.86,39.813,0.327
0,Ausonia Apollo Trebbiano d'Abruzzo 2021,12.5,0.75,28.68,38.24,0.327
0,Cocchi Extra Dry Vermouth di Torino,17.0,0.5,25.99,51.98,0.327
0,Graham's 10 Years Old Tawny Port,20.0,0.2,12.24,61.2,0.327
0,Maison Champy Savigny-les-Beaune 2017,13.0,0.75,29.90,39.867,0.326
0,Horizont Gentle Bastard tölkki,6.5,0.33,6.57,19.909,0.326
0,Reyneke Organic Syrah 2019,13.0,0.75,29.90,39.867,0.326
0,Junmai Ginjo Tatsumigura,15.0,0.3,13.80,46.0,0.326
0,Orval,6.9,0.33,6.99,21.182,0.326
0,Hven Tycho's Star,41.8,0.5,64.12,128.24,0.326
0,Dal Cero Vigneto Runcata 2020,13.0,0.75,29.90,39.867,0.326
0,Jaume Serra Gran Reserva Chardonnay Cava Brut Nature 2018,11.5,0.75,26.48,35.307,0.326
0,Joseph Drouhin Côte de Nuits-Villages 2017,13.0,0.75,29.90,39.867,0.326
0,Domaine des Tourelles Marquis des Beyes 2016,13.0,0.75,29.91,39.88,0.326
0,Montecillo Gran Reserva 2012,13.0,0.75,29.90,39.867,0.326
0,Baumann-Zirgel Crémant d'Alsace Rosé,13.0,0.75,29.90,39.867,0.326
0,Louis Latour Cuvée Latour 2021,13.0,0.75,29.90,39.867,0.326
0,Kullervo Tumma Ruissahti,7.5,1.3,29.98,23.062,0.325
0,Takler Cabernet Franc 2019,14.5,0.75,33.47,44.627,0.325
0,Tassin Sancerre 2022,13.0,0.75,29.99,39.987,0.325
0,Château Marco Maëlle Brut,12.5,0.75,28.87,38.493,0.325
0,Miraval Rose 2022,13.0,0.75,29.99,39.987,0.325
0,Impromptu Rosé 2022,13.5,0.75,31.12,41.493,0.325
0,FJ Regnery Edition Michelskirch Trocken Riesling 2022,12.5,0.75,28.89,38.52,0.325
0,Terredora Fiano di Avellino 2019,13.0,0.75,29.99,39.987,0.325
0,Domaine Millet Chablis 2020,13.0,0.75,29.99,39.987,0.325
0,Simpsons Rabbit Hole Pinot Noir 2022,13.0,0.75,29.97,39.96,0.325
0,Elisabeth XO Organic Fine Cognac,40.0,0.7,86.05,122.929,0.325
0,Château des Jacques Clos de Rochegrès Moulin-à-Vent 2013,13.0,0.75,30.02,40.027,0.325
0,Bastien Jolivet La Cuvée De Louis 2020,13.0,0.75,30.00,40.0,0.325
0,Christophe Pichon Saint Joseph Rouge 2021,13.0,0.75,29.99,39.987,0.325
0,Dourakis Zelos Aromatica 2022,13.0,0.75,29.97,39.96,0.325
0,Ultimate Provence Rosé 2021,13.0,0.75,29.99,39.987,0.325
0,Chamlija Albariño Narince 2019,13.5,0.75,31.18,41.573,0.325
0,Lioco Sonoma County Chardonnay 2019,13.0,0.75,29.98,39.973,0.325
0,Château d'Esclans Whispering Angel 2022,13.0,0.75,29.99,39.987,0.325
0,Jean Loron Saint-Joseph 2016,13.0,0.75,29.99,39.987,0.325
0,Yohan Lardy Gamay Poppy 2022,12.5,0.75,28.87,38.493,0.325
0,Graeme & Julie Bott First Flight Syrah 2020,13.0,0.75,29.98,39.973,0.325
0,Chateau de Montifaud Reserve Speciale Catherine Vallet,40.0,0.5,61.55,123.1,0.325
0,Bodega Garzon Single Vineyard Tannat 2018,14.5,0.75,33.49,44.653,0.325
0,Petra Unger Ried Gaisberg 1ÖTW Reserve Riesling 2020,13.5,0.75,31.18,41.573,0.325
0,Hispano+Suizas Bobos 2020,13.5,0.75,31.12,41.493,0.325
0,Pomona Island If I Only Had a Second Chance BA IRS Muscat,12.5,0.75,28.88,38.507,0.325
0,Pomona Island If I Only Had A Hammer BA IRS Pedro Ximenez,12.5,0.75,28.88,38.507,0.325
0,Planet Mouraz Chibu,12.5,0.75,28.83,38.44,0.325
0,Domaine Franck Millet Sancerre 2022,12.5,0.75,28.90,38.533,0.324
0,Domaine Raffaitin-Planchon Sancerre 2021,12.5,0.75,28.90,38.533,0.324
0,Zhu Ye Qing Jiu,38.0,0.5,58.63,117.26,0.324
0,Brill Ukonmäen Punajuuriviina,32.0,0.5,49.32,98.64,0.324
0,Breezer Watermelon,4.0,0.275,3.39,12.327,0.324
0,Omnipollo DDH Maz tölkki,5.6,0.33,5.70,17.273,0.324
0,Breezer Lime,4.0,0.275,3.39,12.327,0.324
0,Katzenkopf Supremus Silvaner Spätlese Trocken 2018,13.5,0.75,31.22,41.627,0.324
0,Hubert Lay Silvaner Trocken S 2018,14.0,0.75,32.41,43.213,0.324
0,The Dalmore 12 Year Old Sherry Cask Select Single Malt,43.0,0.7,92.89,132.7,0.324
0,Breezer Orange,4.0,0.275,3.39,12.327,0.324
0,Camin Larredya La Part Davant 2018,14.0,0.75,32.36,43.147,0.324
0,Kilchoman Casado Single Malt,46.0,0.7,99.47,142.1,0.324
0,Hallonmäen Villi Aito Omenasiideri,5.5,0.33,5.60,16.97,0.324
0,Hepburn's Choice Caol Ila 9 Year Old Wine Finish 2010,46.0,0.7,99.70,142.429,0.323
0,Laphroaig Lore Single Malt,48.0,0.7,103.87,148.386,0.323
0,Jean-Yves Bretaudeau Mouzillon-Tillières 2018,12.5,0.75,28.99,38.653,0.323
0,Villa Crespia Novalia Franciacorta Brut 2020,12.5,0.75,28.98,38.64,0.323
0,Domaine Raffaitin-Planchon Sancerre  2021,12.5,0.75,28.98,38.64,0.323
0,Tynt Meadow English Trappist Ale,7.4,0.33,7.56,22.909,0.323
0,XXVI Talhas Mestre Daniel Branco 2019,13.0,0.75,30.22,40.293,0.323
0,Domaine Laroche Chablis Saint Martin 2022,12.0,0.75,27.89,37.187,0.323
0,Goalong 5 Year Old Single Malt,40.0,0.7,86.80,124.0,0.323
0,The GlenDronach Revival 15 Year Old Single Malt,46.0,0.7,99.99,142.843,0.322
0,Raventós i Blanc de Nit Brut 2018,12.0,0.75,27.99,37.32,0.322
0,Georg Mosbacher Riesling Trocken 2021,12.0,0.75,27.99,37.32,0.322
0,Loch Lomond 18 Year Old Single Malt,46.0,0.7,99.99,142.843,0.322
0,Montresor Amarone della Valpolicella 2020,15.0,0.75,34.90,46.533,0.322
0,André Delorme Crémant de Bourgogne Brut,12.0,0.375,13.98,37.28,0.322
0,Chateau Marsyas BQ-A de Marsyas Rouge 2016,15.0,0.75,34.92,46.56,0.322
0,Il Monte Caro Carosé 2021,11.5,0.75,26.81,35.747,0.322
0,Bassermann-Jordan Riesling Brut 2013,12.5,0.75,29.13,38.84,0.322
0,A.Christmann Weissburgunder 2019,12.0,0.75,27.91,37.213,0.322
0,Tuju Lunatic 2022,7.0,0.75,16.31,21.747,0.322
0,Mallassepät Salted Liquorice Apricot Sour tölkki,5.2,0.33,5.33,16.152,0.322
0,M. Chapoutier Bila-Haut Banyuls 2021,16.0,0.5,24.89,49.78,0.321
0,Armenia Pomegranate Semisweet,12.0,0.75,28.01,37.347,0.321
0,Baron M Jardin d'amour 2021,12.5,0.75,29.25,39.0,0.321
0,Pieropan Calvarino 2021,12.5,0.75,29.19,38.92,0.321
0,Tuju Malphas 2022,7.0,0.75,16.33,21.773,0.321
0,Teerenpeli Single Cask 8 Year Old Madeira Cask Single Malt,54.9,0.5,85.43,170.86,0.321
0,Josep Foraster Trepat 2019,12.5,0.75,29.23,38.973,0.321
0,Schmelzer Grüner Veltliner 2022,12.5,0.75,29.18,38.907,0.321
0,Salvatore Marino Turi Bianco,11.5,0.75,26.85,35.8,0.321
0,Kilchoman Fino Sherry Cask Matured 2023 Edition Single Malt,50.0,0.7,109.44,156.343,0.32
0,Schmelzer Welschriesling 2022,12.5,0.75,29.30,39.067,0.32
0,Kilchoman Cognac Cask Matured 2023 Edition Single Malt,50.0,0.7,109.44,156.343,0.32
0,Nino Franco Rustico Valdobbiadene Prosecco Superiore Brut,11.0,0.75,25.81,34.413,0.32
0,Kilchoman PX Sherry Cask Matured 2023 Edition Single Malt,50.0,0.7,109.44,156.343,0.32
0,K Art den Hoed Vineyard Viognier 2020,14.5,0.75,34.00,45.333,0.32
0,Prantner Cabernet Franc 2020,15.0,0.75,35.15,46.867,0.32
0,Takler Merlot 2018,14.0,0.75,32.80,43.733,0.32
0,Dr. Pauly-Bergweiler Wehlener Sonnenuhr Riesling Kabinett 2019,10.0,0.75,23.48,31.307,0.319
0,BFM Abbaye de Saint Bon Chien,11.0,0.375,12.95,34.533,0.319
0,Serriger Schloss Saarfelser Schlossberg Riesling Feinherb 2022,10.0,0.75,23.48,31.307,0.319
0,Marques de Murrieta Reserva 2018,14.0,0.75,32.90,43.867,0.319
0,Valamo Luostariviski Heavily Peated Cask Strength,58.5,0.5,91.77,183.54,0.319
0,Casa Emma Vignalparco Chianti Classico Riserva 2018,14.0,0.75,32.90,43.867,0.319
0,Querciabella Chianti Classico 2020,14.0,0.75,32.88,43.84,0.319
0,Domaine Baud Génération 9 Cousu Main Trousseau 2019,13.0,0.75,30.60,40.8,0.319
0,Prantner Olasz Rizling 2022,12.5,0.75,29.44,39.253,0.318
0,Brocard Chablis Sainte Claire Organic 2022,12.5,0.75,29.49,39.32,0.318
0,Celler Credo And the Winner is 2019,11.0,0.375,12.98,34.613,0.318
0,Basqueland Freebird tölkki,6.0,0.33,6.23,18.879,0.318
0,Gancia Moscato d'Asti,5.5,0.75,12.99,17.32,0.318
0,Rioja Vega Gran Reserva 2016,14.0,0.75,32.98,43.973,0.318
0,Larsen XO,40.0,0.7,87.98,125.686,0.318
0,Poderi Colla Riesling 2020,12.0,0.75,28.26,37.68,0.318
0,Ixsir Altitudes Rose 2019,14.0,0.75,33.01,44.013,0.318
0,Villa Crespia Miolo Franciacorta Brut 2020,12.5,0.75,29.48,39.307,0.318
0,Whistle Pig 10 Year Old Straight Rye,50.0,0.7,109.98,157.114,0.318
0,Maison Roche Vieilles Vignes Chardonnay 2018,13.0,0.75,30.68,40.907,0.318
0,Christian Drouin Cidre Bouché Brut de Normandie,4.5,0.75,10.64,14.187,0.317
0,Dourakis Apus Romeiko 2021,12.5,0.75,29.55,39.4,0.317
0,Vallilan Tyrzan Tyrni Sour 2022,5.7,0.33,5.93,17.97,0.317
0,Torres 10 Brandy 50cl UKKO -lahjapakkaus muovipullo,38.0,0.5,59.89,119.78,0.317
0,D'Angelo Aglianico del Vulture,13.5,0.375,15.98,42.613,0.317
0,Antica Formula Vermouth,16.5,0.375,19.49,51.973,0.317
0,Chateau De Carles 2018,14.5,0.75,34.32,45.76,0.317
0,Château du Levant 2018,13.5,0.375,15.98,42.613,0.317
0,Koppitsch Rét 2020,10.5,0.75,24.82,33.093,0.317
0,Tuju Vermont Ravit NEIPA tölkki,6.5,0.44,9.01,20.477,0.317
0,Camillo Donati Il Mio Malvasia Rosa 2022,12.5,0.75,29.57,39.427,0.317
0,Ausonia Apollo Montepulciano d'Abruzzo 2018,13.5,0.75,31.92,42.56,0.317
0,Nittnaus Let Me Love Pet Nat 2022,11.5,0.75,27.33,36.44,0.316
0,Tenuta Bocca di Lupo Pietrabianca Castel del Monte Chardonnay 2022,13.5,0.75,32.00,42.667,0.316
0,Château Beau-Site 2018,14.5,0.75,34.39,45.853,0.316
0,Hakutsuru Tanrei Junmai Sake,13.5,0.18,7.68,42.667,0.316
0,Reyneke Biodynamic Chenin Blanc 2021,13.5,0.75,32.00,42.667,0.316
0,Loimaan Voima IPA,5.3,0.33,5.53,16.758,0.316
0,Tawse Quarry Road Riesling 2020,10.5,0.75,24.89,33.187,0.316
0,Brand Wilder Satz Pur 2019,10.5,0.75,24.93,33.24,0.316
0,Kanavan Panimo x Frosteruksen Puutarha Late Harvest Sour,8.0,0.33,8.35,25.303,0.316
0,Djuce Heinrich Red 2019 tölkki,12.0,0.25,9.48,37.92,0.316
0,Säde Arctic Sparkling Wine Rosé,12.5,0.75,29.71,39.613,0.316
0,Bat Gara Urtaran Cuvée 2019,14.0,0.75,33.22,44.293,0.316
0,Clos Saint Materne Pinot Gris 2022,14.0,0.75,33.30,44.4,0.315
0,Brugal Colección Visionaria Edición 01,45.0,0.7,100.00,142.857,0.315
0,Galipette Rosé,4.0,0.33,4.19,12.697,0.315
0,Dictador Icon Reserve 20 Year Old,40.0,0.7,89.00,127.143,0.315
0,Kasnyik Riesling Orange 2021,14.5,0.75,34.56,46.08,0.315
0,Albert Bichot Chablis Organic 2020,12.5,0.75,29.73,39.64,0.315
0,Tenuta Friggiali Brunello di Montalcino 2018,14.0,0.75,33.30,44.4,0.315
0,Loimaan Puska DDH IPA,5.3,0.33,5.56,16.848,0.315
0,Anspach & Hobday The Pfeffernüsse Stout tölkki,6.0,0.44,8.37,19.023,0.315
0,Josep Foraster Brisat del Coster 2019,12.5,0.75,29.72,39.627,0.315
0,Josep Foraster Trepat Rosat Cava Brut 2019,11.5,0.75,27.40,36.533,0.315
0,Gini Soave Classico 2022,12.5,0.75,29.73,39.64,0.315
0,Maku Snadi Micro IPA tölkki,3.2,0.33,3.35,10.152,0.315
0,Baumann-Zirgel Le Renard & La Lune Rouge 2020,14.5,0.75,34.49,45.987,0.315
0,Westward Single Malt,45.0,0.7,99.98,142.829,0.315
0,Sighardt Donabaum Neuburger 2015,13.0,0.75,30.92,41.227,0.315
0,Djuce Frizzante 2021 tölkki,11.0,0.2,6.98,34.9,0.315
0,Wolf & Woman Pinotage 2021,12.5,0.75,29.90,39.867,0.314
0,Albert Bichot Bourgogne Vieilles Vignes de Chardonnay 2020,12.5,0.75,29.90,39.867,0.314
0,Takler Syrah 2020,14.0,0.75,33.47,44.627,0.314
0,Ausonia Apollo Cerasuolo d'Abruzzo 2022,12.0,0.75,28.68,38.24,0.314
0,Mosgaard Organic Port Wine Cask Single Malt,44.0,0.5,69.99,139.98,0.314
0,Paul Blanck Pinot Gris Patergarten 2016,14.0,0.75,33.42,44.56,0.314
0,Villa Sparina Gavi 2021,12.5,0.75,29.90,39.867,0.314
0,Hiisi Itse BA Gooseberry Sour,6.0,0.33,6.30,19.091,0.314
0,Matyas Ösztöver 2021,12.5,0.75,29.82,39.76,0.314
0,Teerenpeli Punaherukka-Verigreippi Lonkero,4.5,0.33,4.73,14.333,0.314
0,Joseph Scharsch Sylvan'Air 2020,12.5,0.75,29.90,39.867,0.314
0,Jean-Paul Brun Terres Dorées Beaujolais Blanc Classic Chardonnay 2022,12.5,0.75,29.90,39.867,0.314
0,Pikkulintu Puotila 2023,54.9,0.5,87.44,174.88,0.314
0,Pequenos Rebentos Ancestral Loureiro Pét Nat Extra Brut 2021,12.5,0.75,29.90,39.867,0.314
0,Château Chatain 2016,12.5,0.75,29.90,39.867,0.314
0,Domaines Schlumberger Riesling Grand Cru Saering 2019,14.0,0.75,33.49,44.653,0.314
0,Salcheto Riserva Nobile di Montepulciano 2019,14.5,0.75,34.79,46.387,0.313
0,Ranin Cognac XO,40.0,0.7,89.49,127.843,0.313
0,Les Équilibristes Volute 2020,12.5,0.75,29.99,39.987,0.313
0,Tuju The Beyond 2020,6.7,0.75,16.05,21.4,0.313
0,Szigeti Grüner Veltliner Brut,12.5,0.375,14.99,39.973,0.313
0,Antiche Terre Venete Amarone Baorna 2020,15.0,0.75,35.90,47.867,0.313
0,Terre Nere Etna Bianco 2021,12.5,0.75,29.99,39.987,0.313
0,Open Water Paradoxale,6.1,0.33,6.43,19.485,0.313
0,Pérez Barquero G1 Brut Nature,12.5,0.75,29.99,39.987,0.313
0,Valamon Kerubi Marjakuohuviini,12.5,0.75,29.98,39.973,0.313
0,Battenfeld-Spanier Hohen-Sülzen Riesling Trocken 2021,12.5,0.75,29.99,39.987,0.313
0,Enrico Serafino Alta Langa Brut 2018,12.5,0.75,29.99,39.987,0.313
0,Asonia Frascati Brut 2011,12.5,0.75,29.99,39.987,0.313
0,Tierras de Armenia Karas 2018,14.0,0.75,33.59,44.787,0.313
0,Louis Jadot Bouzeron 2021,12.5,0.75,29.99,39.987,0.313
0,Wente Riva Ranch Pinot Noir 2018,14.5,0.75,34.79,46.387,0.313
0,Viñaguareña Iduna 2018,13.5,0.75,32.32,43.093,0.313
0,Latium Morini Ciliegi Valpolicella Ripasso 2018,14.0,0.75,33.51,44.68,0.313
0,Frieden-Berg Grauburgunder Nittel 2021,12.5,0.75,29.92,39.893,0.313
0,O/O Double Narangi IPA tölkki,8.0,0.33,8.45,25.606,0.312
0,Solter Rheingau Riesling Reserve Rüdesheim Berg Roseneck Brut 2012,12.5,0.75,30.09,40.12,0.312
0,Domdechant Werner Hochheimer Kirchenstück Riesling Trocken Erste Lage 2019,13.5,0.75,32.49,43.32,0.312
0,Prantner Syrah 2020,14.5,0.75,34.81,46.413,0.312
0,Samuel Smith Organic Strawberry Fruit Beer,5.1,0.355,5.81,16.366,0.312
0,Tecedeiras Reserva 2019,14.5,0.75,34.90,46.533,0.312
0,Tre Monti Vitalba 2018,14.5,0.75,34.90,46.533,0.312
0,Apis Poltorak Jadwiga,16.0,0.75,38.42,51.227,0.312
0,Hewitson The Mad Hatter Shiraz 2018,14.0,0.75,33.70,44.933,0.312
0,Hallonmäen Kuiva Omenasiideri,5.3,0.33,5.60,16.97,0.312
0,Tito Zuccardi Paraje Altamira 2020,14.0,0.75,33.68,44.907,0.312
0,Lagavulin 16 Year Old Single Malt,43.0,0.7,96.48,137.829,0.312
0,Martin Códax Albariño Brut,12.0,0.75,28.89,38.52,0.312
0,Laporte Pouilly-Fumé la Vigne de Beaussoppet 2020,14.5,0.75,34.89,46.52,0.312
0,Helsinki Release #24 VYS Single Malt,53.2,0.5,85.58,171.16,0.311
0,Alta Alella Aus Orange 2022,12.0,0.75,28.98,38.64,0.311
0,Picotener Langhe Nebbiolo 2018,14.5,0.75,34.98,46.64,0.311
0,Tiago Teles Raiz Tinto 2019,13.0,0.75,31.39,41.853,0.311
0,Hven Seven Stars No.1 Dubhe,45.0,0.5,72.35,144.7,0.311
0,Yalumba Hand Picked Shiraz Viognier 2016,14.5,0.75,34.99,46.653,0.311
0,Herdade do Cebolal Casa Branca 2018,11.5,0.75,27.72,36.96,0.311
0,Martha’s Single Harvest Tawny Port Colheita 2006,19.5,0.75,46.99,62.653,0.311
0,Berneroy 20 Ans Calvados,40.0,0.35,45.00,128.571,0.311
0,Nehrer Leithaberg Blaufränkisch 2021,13.0,0.75,31.40,41.867,0.311
0,Château l'Eden 2016,14.0,0.75,33.72,44.96,0.311
0,Moric Haus Marke Super Natural 2018,13.0,0.75,31.37,41.827,0.311
0,Karam Cloud Nine 2019,13.0,0.75,31.35,41.8,0.311
0,Oddero Nizza 2020,14.5,0.75,34.98,46.64,0.311
0,Lambiek Fabriek Single & Wild Colon-Elle,11.0,0.75,26.63,35.507,0.31
0,Spy Valley Echelon Brut 2012,12.0,0.75,29.00,38.667,0.31
0,XXVI Talhas Mestre Daniel Tinto 2021,12.5,0.75,30.22,40.293,0.31
0,Alvinne Phi Fruit Sour Rhubarb,8.0,0.33,8.51,25.788,0.31
0,Pequenos Rebentos O Principe e o Bandido Pét Nat Extra Brut 2021,12.5,0.75,30.22,40.293,0.31
0,Doravante 2016,12.5,0.75,30.21,40.28,0.31
0,Coto Real 2017,14.0,0.75,33.83,45.107,0.31
0,Matyas Ars Poetica 2021,13.0,0.75,31.49,41.987,0.31
0,Zuccardi Concreto Malbec 2020,14.0,0.75,33.98,45.307,0.309
0,Prantner Bikaver 2021,14.5,0.75,35.15,46.867,0.309
0,Amager Tiburcio Vasquez,9.9,0.75,24.00,32.0,0.309
0,Prantner Cabernet Franc 2019,14.5,0.75,35.15,46.867,0.309
0,Jean Louis Chave Sélection Offerus 2020,14.0,0.75,34.00,45.333,0.309
0,Château Jaugue Blanc 2012,13.0,0.75,31.64,42.187,0.308
0,Jura 18 Year Old Single Malt,44.0,0.7,99.99,142.843,0.308
0,Château Tayac Cuvée Nicolas 2020,13.5,0.75,32.88,43.84,0.308
0,Gramona La Cuvée Corpinnat Brut 2019,12.0,0.75,29.25,39.0,0.308
0,Choya Extra Shiso Umeshu,17.0,0.7,38.63,55.186,0.308
0,Envinate Benje Blanco 2021,12.0,0.75,29.25,39.0,0.308
0,Alta Alella Cau d’en Genís 2021,13.5,0.75,32.90,43.867,0.308
0,Hisenda Miret Garnatxa Organic 2020,15.0,0.75,36.49,48.653,0.308
0,Michelas St Jemms Crozes-Hermitage La Chasselière 2019,14.5,0.75,35.36,47.147,0.308
0,Envínate Benje Tinto 2021,12.0,0.75,29.25,39.0,0.308
0,Omnipollo x Firestone Walker Brainpick West Coast IPA tölkki,7.0,0.44,9.99,22.705,0.308
0,Williams Grapefruit Ginger Beer tölkki,3.4,0.44,4.85,11.023,0.308
0,Croci Campedello,11.5,0.75,28.01,37.347,0.308
0,Whispering Angel Magnum,13.5,1.5,65.68,43.787,0.308
0,Yalumba Museum Muscat,18.0,0.375,21.99,58.64,0.307
0,Prantner Merlot 2019,15.5,0.75,37.84,50.453,0.307
0,Château Moulin Pey-Labrie 2011,13.5,0.75,32.94,43.92,0.307
0,Quinta da Pedra Alta Nº10 Ten Year Old Tawny Port,19.5,0.5,31.81,63.62,0.307
0,Moric Blaufränkisch 2021,13.0,0.75,31.71,42.28,0.307
0,Cesari Jèma Corvina 2016,13.5,0.75,32.95,43.933,0.307
0,Glenmorangie A Tale Of Winter Single Malt,46.0,0.7,104.90,149.857,0.307
0,Hudson Manhattan Rye,46.0,0.35,52.49,149.971,0.307
0,Gustave Roché Champagne Brut,12.5,0.75,30.49,40.653,0.307
0,Camillo Donati Il Mio Sauvignon 2022,13.0,0.75,31.83,42.44,0.306
0,Vietti Perbacco Nebbiolo 2021,14.0,0.75,34.30,45.733,0.306
0,Ota Shuzo Kokoro Junmai Nama Genshu Sake,17.5,0.72,41.19,57.208,0.306
0,Château de Pierreclos Pinot Noir 2021,13.0,0.75,31.89,42.52,0.306
0,Omnipollo Fruit World Famous Pineapple Coconut Sour tölkki,6.0,0.33,6.48,19.636,0.306
0,Yerevan Areni Karmrahyut 2020,12.5,0.75,30.68,40.907,0.306
0,Glenmorangie The Nectar 16 Year Old Single Malt,46.0,0.7,105.59,150.843,0.305
0,Lustau San Emilio Pedro Ximénez Sherry,17.0,0.375,20.87,55.653,0.305
0,Viña Bosconia Reserva 2012,13.5,0.75,33.21,44.28,0.305
0,Lenzmark New Chapter 2021,13.0,0.75,31.98,42.64,0.305
0,Ogier Châteauneuf-du-Pape L’Âme Biologique 2021,15.0,0.75,36.90,49.2,0.305
0,Mikkeller San Diego Limited Series Beer Geek Cocoa Shake Imperial Stout tölkki,13.6,0.475,21.19,44.611,0.305
0,Koppitsch Rozsa 2022,11.0,0.75,27.05,36.067,0.305
0,Pelissero Barbera d'Alba Tulin 2012,15.0,0.75,36.87,49.16,0.305
0,Ten Minutes By Tractor 10X Pinot Noir 2020,13.0,0.75,31.99,42.653,0.305
0,Crooked Stave Juicy East IPA tölkki,6.0,0.355,6.98,19.662,0.305
0,Smirnoff Ice Tropical,4.0,0.275,3.61,13.127,0.305
0,Albert Bichot Bourgogne Vieilles Vignes de Pinot Noir 2019,13.0,0.75,31.98,42.64,0.305
0,Macho Man Monastrell 2019,14.0,0.75,34.49,45.987,0.304
0,Antiche Terre Amarone della Valpolicella Mezzo Monte 2018,15.0,0.75,36.99,49.32,0.304
0,Nikolaihof Grüner Veltliner 2020,11.5,0.75,28.37,37.827,0.304
0,Graham's Quinta dos Malvedos Vintage Port 2012,20.0,0.75,49.29,65.72,0.304
0,Dourakis Kudos Muscat of Spinas 2021,12.5,0.75,30.80,41.067,0.304
0,Tuju Lycanthropy blend #2 2021,6.6,0.75,16.27,21.693,0.304
0,Fattoria San Lorenzo La Gattara 2016,15.5,0.75,38.35,51.133,0.303
0,ABK6 XO,40.0,0.35,46.16,131.886,0.303
0,Bock Royal Cuvee 2016,14.5,0.75,35.91,47.88,0.303
0,Oud Beersel Oude Kriek Vieille,6.0,0.375,7.43,19.813,0.303
0,Crooked Stave Southern Cross IPA tölkki,5.8,0.355,6.79,19.127,0.303
0,BenMarco Expresivo 2020,14.5,0.75,35.87,47.827,0.303
0,Château Montifaud Reserve Speciale Michel Vallet,40.0,0.7,92.43,132.043,0.303
0,Vignoble Barreau Gorges 2015,12.0,0.75,29.70,39.6,0.303
0,Voria Rosato 2020,11.5,0.75,28.50,38.0,0.303
0,Kanavan Sulku Pils,5.2,0.33,5.66,17.152,0.303
0,Arzuaga Crianza 2020,14.5,0.75,35.89,47.853,0.303
0,Joseph Mellot Sancerre La Chatellenie 2022,12.5,0.375,15.49,41.307,0.303
0,Château de Maligny Petit Chablis 2021,12.5,0.375,15.48,41.28,0.303
0,United Gypsies Persimonster Persimmon Sour,8.0,0.33,8.71,26.394,0.303
0,Chamlija Istranca Gelini 2018,14.5,0.75,35.87,47.827,0.303
0,Guerrieri Rizzardi Clos Roareti 2019,14.5,0.75,35.99,47.987,0.302
0,Kir-Yianni Ramnista 2013,14.5,0.75,35.99,47.987,0.302
0,Loimaan Panimo Lime-Kurkku Sour Ale,5.0,0.33,5.47,16.576,0.302
0,Josetta Saffirio Langhe Nebbiolo 2018,14.0,0.75,34.82,46.427,0.302
0,Lepola Hoppy Humalasiideri,5.5,0.33,6.02,18.242,0.302
0,Châteauneuf-du-Pape Domaine du Vieux Lazaret 2021,14.5,0.75,35.98,47.973,0.302
0,Quinta dos Murças Reserva 2016,14.5,0.75,35.98,47.973,0.302
0,Can Suriol Els Bancals 2018,12.5,0.75,31.05,41.4,0.302
0,Frapin 15 Years Old,45.3,0.7,105.00,150.0,0.302
0,Niepoort Colheita Port 2009,20.0,0.375,24.86,66.293,0.302
0,Francois et Julien Pinon Silex Noir 2019,13.5,0.75,33.51,44.68,0.302
0,Casas del Bosque Pequeñas Producciones Pinot Noir 2017,14.5,0.75,35.99,47.987,0.302
0,E. Guigal Gigondas 2020,15.0,0.75,37.29,49.72,0.302
0,Bizoe Estalét Syrah 2016,13.5,0.75,33.55,44.733,0.302
0,Opaco 2016,14.5,0.75,35.98,47.973,0.302
0,Travaglini Gattinara 2019,13.5,0.75,33.49,44.653,0.302
0,Ararat Apricot,30.0,0.5,49.68,99.36,0.302
0,Torii Mor Pinot Gris 2017,13.0,0.75,32.40,43.2,0.301
0,Ca' La Bionda Amarone della Valpolicella Classico 2012,16.0,0.75,39.87,53.16,0.301
0,Moss Verdeca 2019,12.0,0.75,29.86,39.813,0.301
0,Knightor 9112 Brut,12.0,0.75,29.88,39.84,0.301
0,Smirnoff Ice,4.0,0.275,3.65,13.273,0.301
0,Valamo Vaeltaja,11.5,0.5,19.10,38.2,0.301
0,Miklus Negro di Collina 2012,14.0,0.75,34.90,46.533,0.301
0,Koli Olut Brunette 2022,7.4,0.33,8.12,24.606,0.301
0,Chateau Grand Ormeau 2014,14.0,0.75,34.90,46.533,0.301
0,Timothy Taylor's Boltmaker Yorkshire Bitter,4.2,0.5,6.98,13.96,0.301
0,Recaredo Terrers Brut Nature Corpinnat 2017,12.0,0.75,29.90,39.867,0.301
0,A.D. Coutelas Champagne Origin Brut,12.0,0.75,29.90,39.867,0.301
0,Impromptu Sauvignon Blanc 2021,12.5,0.75,31.12,41.493,0.301
0,4 Kilos 12 Volts 2019,12.0,0.75,29.90,39.867,0.301
0,Château du Breuil VSOP,40.0,0.03,3.99,133.0,0.301
0,Karam Thouraya Cabernet Sauvignon 2013,13.0,0.75,32.50,43.333,0.3
0,Umeshu Sarari kartonkitölkki,10.0,1.0,33.30,33.3,0.3
0,Kreinbacher Classic Brut,12.0,0.75,29.99,39.987,0.3
0,Pasanau Finca La Planeta 2016,15.5,0.75,38.75,51.667,0.3
0,Raja Riesling 2015,12.0,0.75,29.99,39.987,0.3
0,2Naturkinder Drei Freunde 2021,11.0,0.75,27.47,36.627,0.3
0,Milan Nestarec TRBLMKR 2018,12.0,0.75,29.99,39.987,0.3
0,Ornellaia Le Volte Magnum 2017,14.0,1.5,69.98,46.653,0.3
0,William Fevre Petit Chablis 2019,12.0,0.75,29.99,39.987,0.3
0,Bixio Amarone Classico della Valpolicella 2018,16.0,0.75,39.98,53.307,0.3
0,Alta Alella Mirgin Gran Reserva Cava Brut Nature,12.0,0.375,14.99,39.973,0.3
0,Gut Hermannsberg 7 Terroirs Riesling Trocken 2021,12.0,0.75,29.99,39.987,0.3
0,Baumann-Zirgel Riesling Streng 2020,13.0,0.75,32.48,43.307,0.3
0,Robert Weil Rheingau Riesling Trocken 2021,12.0,0.75,29.99,39.987,0.3
0,Mastrojanni Rosso di Montalcino 2017,14.0,0.75,34.98,46.64,0.3
0,tVerzet Oud Bruin Vineyard,6.0,0.33,6.59,19.97,0.3
0,Nederburg Private Bin D266 Semillon 2012,14.0,0.75,34.98,46.64,0.3
0,Gigante Storico & Friends 2018,14.0,0.75,34.96,46.613,0.3
0,Josmeyer Pinot Blanc Les Lutins 2015,12.5,0.75,31.29,41.72,0.3
0,Jansz Premium Cuvée Brut,12.0,0.75,29.99,39.987,0.3
0,Château La Grace Fonrazade Blanc 2017,14.5,0.75,36.23,48.307,0.3
0,Hispano+Suizas Bassus Pinot Noir 2021,14.0,0.75,34.99,46.653,0.3
0,Barth Pinot Rosé Brut,12.0,0.75,29.97,39.96,0.3
0,Gratavinum 2PR 2021,14.0,0.75,34.98,46.64,0.3
0,Prantner Cabernet Sauvignon 2019,14.5,0.75,36.39,48.52,0.299
0,Iso-Kallan Mocking Bird Long Drink,5.0,0.33,5.51,16.697,0.299
0,Prantner Irsai Oliver 2022,12.0,0.75,30.11,40.147,0.299
0,Gorghi Tondi Palmarès Rosè Extra Dry,11.5,0.75,28.81,38.413,0.299
0,Trimbach Riesling Réserve 2021,13.5,0.75,33.90,45.2,0.299
0,Boon Geuze Mariage Parfait,8.0,0.375,10.02,26.72,0.299
0,Boon Kriek Mariage Parfait,8.0,0.375,10.02,26.72,0.299
0,Terlano Winkl Sauvignon Blanc 2020,13.5,0.75,33.85,45.133,0.299
0,Gorghi Tondi Palmares Biologico Brut,11.5,0.75,28.81,38.413,0.299
0,Casas del Bosque Pequeñas Producciones Syrah 2018,14.0,0.75,35.10,46.8,0.299
0,Filippo Manetti Campaglione,12.5,0.75,31.31,41.747,0.299
0,Pühaste Silver Series Oenotropae Madeira BA Imperial Wine Stout,11.6,0.33,12.82,38.848,0.299
0,Prantner Bikaver 2020,14.5,0.75,36.39,48.52,0.299
0,Hibiki Japanese Harmony,43.0,0.7,100.64,143.771,0.299
0,Justino's Malvasia 10 Years Old Madeira,19.0,0.375,23.80,63.467,0.299
0,Valamon Sininen,11.5,0.5,19.29,38.58,0.298
0,Valamon Ruusu,11.5,0.5,19.29,38.58,0.298
0,Loimaan Preussi Red Ale,5.0,0.33,5.53,16.758,0.298
0,Ultimate Provence Rosé Magnum 2021,12.5,1.5,62.98,41.987,0.298
0,Baron M Jardin d'Amour Jeroboam 2021,13.0,3.0,130.74,43.58,0.298
0,Caparsa Chianti Classico 2020,13.5,0.75,33.98,45.307,0.298
0,Loimaan Ehta Hefe Weizen,5.0,0.33,5.53,16.758,0.298
0,Emma Zuccardi Bonarda 2020,13.5,0.75,33.98,45.307,0.298
0,Raul Perez La del Vivo 2021,13.5,0.75,33.98,45.307,0.298
0,Valamon Valo,11.5,0.5,19.29,38.58,0.298
0,Kilchoman Loch Gorm 2023 Single Malt,46.0,0.7,108.50,155.0,0.297
0,Pühaste Silver Series Sensi Rum BA Imperial Stout,12.5,0.33,13.90,42.121,0.297
0,Gustavshof Pur Weisswein Trocken 2017,13.0,0.75,32.82,43.76,0.297
0,Vallein Tercinier Vieux Pineau des Charentes 10 Yo,17.0,0.75,42.99,57.32,0.297
0,Rivetto Langhe Nebbiolo 2019,14.0,0.75,35.30,47.067,0.297
0,Calvet Châteauneuf-du-Pape 2020,15.0,0.75,37.90,50.533,0.297
0,Joseph Drouhin Rully Rouge 2018,13.5,0.75,34.21,45.613,0.296
0,Nino Negri Ca' Brione 2021,13.0,0.75,32.99,43.987,0.296
0,Prinz Von Hessen Dachsfilet 2022,13.0,0.75,32.90,43.867,0.296
0,Stagård Handwerk Riesling 2017,12.5,0.75,31.62,42.16,0.296
0,Valfaccenda Roero Arneis,13.0,0.75,32.90,43.867,0.296
0,Burmester 20 Year Old Tawny Port,20.0,0.375,25.38,67.68,0.296
0,Conterno Fantino Barbera d'Alba Vignota 2018,14.5,0.375,18.37,48.987,0.296
0,Châteauneuf-du-Pape Le Moulin Teyroud 2021,14.0,0.75,35.48,47.307,0.296
0,O/O Narangi tölkki,6.8,0.33,7.59,23.0,0.296
0,Kyrö Dairy Cream,16.0,0.5,26.99,53.98,0.296
0,Hubert Lay WB Trocken S 2021,13.5,0.75,34.19,45.587,0.296
0,Château Montus 2012,15.0,0.375,18.98,50.613,0.296
0,Stagård Handwerk Weissburgunder 2019,12.5,0.75,31.62,42.16,0.296
0,Antiche Terre Baorna Amarone della Valpolicella 2017,15.0,1.5,75.98,50.653,0.296
0,Torii Mor Rose Pinot Noir 2018,12.5,0.75,31.64,42.187,0.296
0,Magoutes Xinomavro 2017,13.0,0.75,32.99,43.987,0.296
0,Laporte Sancerre les Garennes Terroir du Jurassique 2020,14.5,0.75,36.89,49.187,0.295
0,Fat Lizard Je suis Saison,6.3,0.75,16.00,21.333,0.295
0,Timothy Taylor's Landlord Dark Ale,4.1,0.5,6.96,13.92,0.295
0,Timothy Taylor's Landlord Pale Ale,4.1,0.5,6.96,13.92,0.295
0,Mehling Ruppertsberger Riesling 2020,11.5,0.75,29.25,39.0,0.295
0,Ixsir Altitudes White 2016,13.5,0.75,34.32,45.76,0.295
0,La Roncaia Fusco Merlot 2017,14.5,0.75,36.89,49.187,0.295
0,Mouressipe Tracassier,13.5,0.75,34.38,45.84,0.295
0,Enate Chardonnay Barrica 2021,14.5,0.75,36.95,49.267,0.294
0,Herència Altés La Serra Blanc 2020,14.5,0.75,36.99,49.32,0.294
0,Compass Box The Peat Monster Cask Strength,56.7,0.7,135.09,192.986,0.294
0,Château Boutisse Saint-Emilion Grand Cru 2016,14.5,0.75,36.99,49.32,0.294
0,Tuju Leviathan 2022,6.5,0.75,16.59,22.12,0.294
0,Olaf Barrel Series Chocolate Cherry Stout,11.0,0.33,12.33,37.364,0.294
0,Cloudy Bay Sauvignon Blanc 2023,13.5,0.75,34.39,45.853,0.294
0,Reyneke Biodynamic Chenin Blanc 2020,12.5,0.75,32.00,42.667,0.293
0,Domaine de la Rectorie Banyuls Rimage Thérèse Reig 2020,17.0,0.5,28.99,57.98,0.293
0,Louis Jadot Chablis 2022,12.5,0.75,31.98,42.64,0.293
0,Valamo Luostariviski Heavily Peated Cask Strength Batch 2 Single Malt,58.5,0.5,99.97,199.94,0.293
0,Rennersistas Waiting for Tom Rot 2017,12.0,0.75,30.73,40.973,0.293
0,Tenuta di Nozzole La Forra Chianti Classico Riserva 2019,14.0,0.75,35.89,47.853,0.293
0,Royal Tokaji Late Harvest 2018,12.0,0.5,20.49,40.98,0.293
0,Ademan Valdecarretas Seleccion Especial 2017,14.5,0.75,37.07,49.427,0.293
0,Sori Vinum Maximus 2021,11.5,0.33,12.96,39.273,0.293
0,The Kurayoshi Pure Malt 8 Year Old,43.0,0.7,102.80,146.857,0.293
0,Nino Negri Sfursat Carlo Negri 2019,16.0,0.75,40.98,54.64,0.293
0,Cantina Tramin Unterebner 2021,14.0,0.75,35.98,47.973,0.292
0,Altenberg de Wolxheim Riesling Grand Cru 2021,13.5,0.75,34.70,46.267,0.292
0,Cantina Tramin Stoan 2021,14.0,0.75,35.98,47.973,0.292
0,Torres Salmos 2019,14.0,0.75,35.98,47.973,0.292
0,Attilio Ghisolfi Langhe Pinot Nero Pinay 2016,13.5,0.75,34.70,46.267,0.292
0,Scrimaglio Barolo 2018,14.0,0.75,35.95,47.933,0.292
0,Baumann-Zirgel Riesling Streng 2021,13.0,0.75,33.39,44.52,0.292
0,Gianfranco Alessandria Barbera d'Alba Vittoria 2016,15.0,0.75,38.55,51.4,0.292
0,Rennersistas Waiting for Tom Weiss 2017,12.0,0.75,30.90,41.2,0.291
0,Kakola Atelier 26,6.6,0.75,16.99,22.653,0.291
0,Chérie Biére Blanche à la Framboise,3.5,0.33,3.97,12.03,0.291
0,Castelnau de Suduiraut Sauternes 2016,14.0,0.375,18.07,48.187,0.291
0,Vale D. Maria VVV Valleys Tinto 2016,14.5,0.75,37.42,49.893,0.291
0,I Castei Amarone della Valpolicella Classico 2019,15.5,0.75,39.98,53.307,0.291
0,Antiche Terre Venete Amarone Baorna 2017,15.5,3.0,159.54,53.18,0.291
0,Angostura 1787 Aged 15 Years,40.0,0.7,96.30,137.571,0.291
0,Domaine de Saint Paul Châteauneuf-du-Pape 2019,15.5,0.75,39.91,53.213,0.291
0,Bixio Amarone Bronze 2018,15.5,0.375,19.99,53.307,0.291
0,To Øl Pink Pop tölkki,4.5,0.44,6.81,15.477,0.291
0,Domini Veneti Amarone della Valpolicella Biologico 2016,15.5,0.75,39.98,53.307,0.291
0,Paul Blanck Patergarten Riesling 2017,12.5,0.75,32.30,43.067,0.29
0,La Crema Sonoma Coast Chardonnay 2020,13.5,0.75,34.89,46.52,0.29
0,Chateau Clarke 2013,13.5,0.75,34.92,46.56,0.29
0,Mauro Veglio Cascina Nuova 2019,15.0,0.75,38.79,51.72,0.29
0,Domaine de Viviers Chablis 2020,12.5,0.375,16.16,43.093,0.29
0,Pirkka Amarone della Valpolicella Classico 2015,15.0,0.75,38.78,51.707,0.29
0,Castelvecchio Carso Terrano 2019,12.5,0.75,32.30,43.067,0.29
0,Buena Vista North Coast Pinot Noir 2016,13.5,0.75,34.89,46.52,0.29
0,Manousakis Nostos Alexandra's 2018,14.5,0.75,37.44,49.92,0.29
0,Mehling Leinhöhle Erste Lage 2020,12.5,0.75,32.30,43.067,0.29
0,Shaya Habis Verdejo Old Vines 2019,13.5,0.75,34.89,46.52,0.29
0,Serge Dagueneau Pouilly Fumé Tradition 2019,13.5,0.75,34.90,46.533,0.29
0,Netzl Ried Altenberg Weissburgunder 2021,13.5,0.75,35.00,46.667,0.289
0,Sho-Une Junmai Daiginjo Sake,15.5,0.3,16.08,53.6,0.289
0,Raúl Pérez La Vizcaína Las Gundiñas 2020,13.5,0.75,34.98,46.64,0.289
0,Monte Bernardi Chianti Classico Riserva 2020,13.5,0.75,34.98,46.64,0.289
0,Reyneke Organic Cornerstone 2019,13.5,0.75,34.98,46.64,0.289
0,Topper's Mountain Wild Ferment Tannat 2013,14.5,0.75,37.58,50.107,0.289
0,Oremus Mandolás Tokaji Furmint 2019,13.5,0.75,34.98,46.64,0.289
0,Dr. Pauly-Bergweiler Ürziger Würzgarten Riesling Trocken 2016,11.5,0.375,14.90,39.733,0.289
0,Mouton Cadet Réserve Pauillac 2018,13.0,0.75,33.79,45.053,0.289
0,Morra Gabriele Barbera d'Alba 2021,14.0,0.75,36.31,48.413,0.289
0,Highland Park Viking Heart 15 Years Old Single Malt keraaminen pullo,44.0,0.7,106.69,152.414,0.289
0,Burmester Vintage Porto 2007,20.0,0.375,25.93,69.147,0.289
0,Bottega Pink Gold Prosecco Rosé Brut 2019,11.5,0.75,29.80,39.733,0.289
0,Raul Perez La Vizcaína La Poulosa 2020,13.5,0.75,34.98,46.64,0.289
0,Henri Bourgeois Sancerre Le MD de Bourgeois 2019,13.5,0.75,34.98,46.64,0.289
0,Talisker 8 Year Old Special Release 2021 Single Malt,59.7,0.7,144.98,207.114,0.288
0,Clemens Busch Riesling Vom Grauen Schiefer 2020,11.5,0.75,29.99,39.987,0.288
0,Sonnisaari Käppänä Pale Ale,4.5,0.33,5.16,15.636,0.288
0,Torraccia del Piantavigna Gattinara 2018,14.0,0.75,36.50,48.667,0.288
0,Tornion Sini Bilberry Longdrink tölkki,5.0,0.33,5.72,17.333,0.288
0,Little Wonder Cabernet Noir 2018,11.5,0.75,29.90,39.867,0.288
0,Mallassepät Passion Fruit Smoothie Sour tölkki,5.2,0.33,5.95,18.03,0.288
0,Ste Michelle Eroica Riesling 2019,11.5,0.75,29.99,39.987,0.288
0,Maset 1917 Gran Reserva Cava Brut Nature 2019,11.5,0.75,29.99,39.987,0.288
0,Mad Sweet by Tokaj Late Harvest 2018,11.5,0.375,14.99,39.973,0.288
0,Gitton Père & Fils Sancerre Blanc Les Herses Silex 2021,13.5,0.75,35.30,47.067,0.287
0,Bottega Gold Brut 2022,11.0,0.75,28.71,38.28,0.287
0,Loimer Ried Loiserberg Grüner Veltliner 2021,13.0,0.75,33.98,45.307,0.287
0,Tanca Farrá 2017,13.0,0.75,33.97,45.293,0.287
0,Beatrice et Pascal Lambert Chinon Les Puys Rochette 2021,13.0,0.75,33.98,45.307,0.287
0,Fleurie Terres Dorées 2022,13.5,0.75,35.22,46.96,0.287
0,The Macallan A Night on Earth in Scotland Single Malt,43.0,0.7,104.98,149.971,0.287
0,Jiménez-Landi Piélago 2018,14.5,0.75,37.99,50.653,0.286
0,Louers Vodka,40.0,1.0,139.89,139.89,0.286
0,Coma Vella 2017,14.5,0.75,37.98,50.64,0.286
0,Boffa Barbaresco 2020,14.5,0.75,37.99,50.653,0.286
0,Brew By Numbers 55 DIPA tölkki,8.0,0.25,6.99,27.96,0.286
0,Guerrieri Rizzardi 3 Cru Amarone Classico 2019,16.0,0.375,20.99,55.973,0.286
0,Hardy Rare Fine Champagne XO,40.0,0.7,97.98,139.971,0.286
0,Kokonoe Sakura Mirin 2020,14.0,0.3,14.71,49.033,0.286
0,Jean Collet & Fils Chablis 2022,12.5,0.75,32.82,43.76,0.286
0,Topper's Mountain Gewürztraminer 2016,13.9,0.75,36.50,48.667,0.286
0,Poças Fora da Série Vinho da Roga 2021,12.5,0.75,32.80,43.733,0.286
0,Siddùra Fòla Cannonau di Sardegna Riserva 2019,14.5,0.75,37.98,50.64,0.286
0,Cascina Bruciata Barbaresco 2016,14.0,0.75,36.90,49.2,0.285
0,Anderson Jean Ginie Tequila BA,7.9,0.33,9.16,27.758,0.285
0,La Horra Corimbo 2019,14.0,0.75,36.82,49.093,0.285
0,Kamnik The Orange 2021,14.0,0.75,36.78,49.04,0.285
0,Teerenpeli Vetehinen 10 Year Old Double Wood Amarone Cask Single Malt,46.0,0.5,80.71,161.42,0.285
0,Koppitsch Perspektive Weiss 2018,12.5,0.75,32.86,43.813,0.285
0,Remelluri Reserva 2015,14.0,0.75,36.80,49.067,0.285
0,Robert Weil Kiedricher Riesling Trocken 2017,12.5,0.75,32.90,43.867,0.285
0,Clos Alkio Fam de Vida Garnacha Blanca 2021,13.5,0.75,35.50,47.333,0.285
0,Chamlija Kalecik Karasi 2019,14.0,0.75,36.82,49.093,0.285
0,Hubert Lay RS Trocken S 2020,12.5,0.75,32.91,43.88,0.285
0,Domaine de Galuval La Vallée Cairanne Blanc 2019,14.0,0.75,36.90,49.2,0.285
0,Gut Hermannsberg Vom Vulkan 2018,12.5,0.75,32.99,43.987,0.284
0,Protos Reserva 2017,14.5,0.75,38.24,50.987,0.284
0,Arizcuren Solo Mazuelo 2018,14.0,0.75,36.99,49.32,0.284
0,Cantina Chiara Ziliani Conte di Provaglio Rosé Franciacorta Brut,12.5,0.75,32.99,43.987,0.284
0,Brillet XO,40.0,0.7,98.51,140.729,0.284
0,Trenz Johannisberger Hölle 21 Riesling 2021,8.0,0.75,21.09,28.12,0.284
0,Matyas Impressio 2022,12.0,0.75,31.64,42.187,0.284
0,Prüm Sonnenuhr Wehlen Riesling GG 2013,12.0,0.75,31.67,42.227,0.284
0,Le Marchesine Artio Rosé Millesimato Franciacorta Brut 2018,13.0,0.75,34.38,45.84,0.284
0,Gut Hermannsberg Vom Schiefer 2018,12.5,0.75,32.99,43.987,0.284
0,O/O Evergreen IPA Gluten free tölkki,6.0,0.33,6.96,21.091,0.284
0,Xavier Gigondas 2019,14.5,0.75,38.32,51.093,0.284
0,Markus Molitor Wehlener Sonnenuhr Riesling Spätlese 2011,12.0,0.75,31.65,42.2,0.284
0,Balfour Luke's Pinot Noir 2020,12.5,0.75,32.99,43.987,0.284
0,Chiara Ziliani Conte di Provaglio Franciacorta Satèn Brut,12.5,0.75,32.99,43.987,0.284
0,Joseph Faiveley Chardonnay 2021,13.0,0.75,34.49,45.987,0.283
0,Filippo Manetti Campaglione Bianco,12.0,0.75,31.83,42.44,0.283
0,Maria Caterina Vino Nobile di Montepulciano 2019,14.5,0.75,38.42,51.227,0.283
0,Cafaggio Basilica del Cortaccio Cabernet Sauvignon 2017,14.5,0.75,38.48,51.307,0.283
0,La Noblaie Pierre de Tuf 2020,13.5,0.75,35.73,47.64,0.283
0,Bründlmayer Pinot Noir 2018,13.0,0.75,34.49,45.987,0.283
0,Moric Haus Marke Super Natural 2019,13.0,0.75,34.57,46.093,0.282
0,Farina Amarone della Valpolicella Classico 2020,15.0,0.75,39.83,53.107,0.282
0,Rennersistas St.Laurent 2017,12.0,0.75,31.90,42.533,0.282
0,Valamo Monastery Unpeated Oloroso Sherry Cask Matured Single Malt,50.2,0.5,88.93,177.86,0.282
0,Hallonmäen Kuori Omenasiideri,5.0,0.33,5.85,17.727,0.282
0,Chamlija Pa Pi Ka Papaskarasi Pinot Noir Kalecik Karasi 2019,14.0,0.75,37.28,49.707,0.282
0,Baumann-Zirgel Pinot Noir Pièce de Chêne 2019,13.5,0.75,35.89,47.853,0.282
0,Les 3 Cellier Alchemie Châteauneuf du Pape 2020,15.0,0.75,39.83,53.107,0.282
0,Alvinne Cuvée Jakub,7.0,0.33,8.19,24.818,0.282
0,Leyda Lot 8 Syrah 2020,13.5,0.75,35.99,47.987,0.281
0,Fraser Gallop Margaret River Parterre Chardonnay 2020,12.0,0.75,32.00,42.667,0.281
0,Loimer Grüner Veltliner mit Achtung 2015,13.5,0.75,35.99,47.987,0.281
0,Chateau Malmaison 2014,14.0,0.75,37.42,49.893,0.281
0,Casas del Bosque Pequeñas Producciones Sauvignon Blanc 2020,13.5,0.75,35.98,47.973,0.281
0,Camillo Donati Il Mio Ribelle Frizzante 2020,12.0,1.5,64.00,42.667,0.281
0,Schmelzer Big Nature Rosé 2022,11.0,1.0,39.17,39.17,0.281
0,Villa Trasqua Trasgaia,14.0,18.0,897.53,49.863,0.281
0,Perelada Finca Malaveïna 2019,15.0,0.75,39.98,53.307,0.281
0,Enate Merlot - Merlot 2015,15.0,0.75,39.98,53.307,0.281
0,Adroit Theory Shadow Settle Barleywine,12.0,0.65,27.90,42.923,0.28
0,Chambord Black Raspberry Liqueur,16.5,0.5,29.49,58.98,0.28
0,Camille Braun Grand Cru Kaefferkopf Riesling 2018,14.0,0.75,37.55,50.067,0.28
0,Christophe Pichon Saint Joseph Blanc 2021,13.0,0.75,34.79,46.387,0.28
0,Karam Saint John Rouge 2012,13.0,0.75,34.81,46.413,0.28
0,Contadi Castaldi Franciacorta Brùt,12.5,0.75,33.49,44.653,0.28
0,Penfolds Bin 8 Shiraz Cabernet 2020,14.5,0.75,38.90,51.867,0.28
0,Penfolds Bin 2 Shiraz Mataro 2020,14.5,0.75,38.90,51.867,0.28
0,Vallein Tercinier XO,40.0,0.7,99.99,142.843,0.28
0,Jan Vidal Honor Pet Nat Brut Nature,10.0,0.75,26.80,35.733,0.28
0,Tenuta la Gabbiola Chianti Classico Riserva 2019,14.5,0.75,38.90,51.867,0.28
0,Ota Sevcik Riesling 2020,12.5,0.75,33.59,44.787,0.279
0,Nunzi Conti Chianti Classico Riserva 2018,15.0,0.75,40.30,53.733,0.279
0,Torii Mor Riesling 2015,14.0,0.75,37.61,50.147,0.279
0,Xavier Vins Cuvée Anonyme X Châteauneuf-du-Pape 2010,14.5,1.5,77.89,51.927,0.279
0,Joseph Scharsch Nuances de Gris 2022,13.0,0.75,35.00,46.667,0.279
0,Verus Pinot Noir 2015,13.0,0.75,34.92,46.56,0.279
0,Il Palagio Casino delle Vie 2017,13.0,0.75,34.98,46.64,0.279
0,Shelter Pinot Noir 2018,13.0,0.75,34.99,46.653,0.279
0,Stone Southern Charred 2015,12.7,0.5,22.73,45.46,0.279
0,Ota Sevcik Neuburger 2020,12.5,0.75,33.59,44.787,0.279
0,La Rulles Rullquin,7.0,0.75,18.84,25.12,0.279
0,Antica Fratta Franciacorta Brut,13.0,0.75,34.98,46.64,0.279
0,Ota Sevcik Frankovka 2020,12.5,0.75,33.59,44.787,0.279
0,Leeuwin Estate Art Series Margaret River Sauvignon Blanc 2021,13.0,0.75,34.97,46.627,0.279
0,Castelvecchio Carso Vitovska 2021,12.0,0.75,32.30,43.067,0.279
0,Kerné Cidre Artisanal,4.5,0.25,4.04,16.16,0.278
0,Domaine Belle Crozes-Hermitage Les Terres Blanches 2022,14.0,0.75,37.81,50.413,0.278
0,Calvet Réserve du Ciron Sauternes 2019,12.5,0.375,16.89,45.04,0.278
0,Terada Honke Katori Junmai Muroka Sake,15.0,0.72,38.86,53.972,0.278
0,Contino Reserva 2019,14.0,0.75,37.90,50.533,0.277
0,Fratelli Berlucchi 25 Franciacorta Brut,12.5,0.375,16.92,45.12,0.277
0,Prantner Irsai Oliver 2021,12.0,0.75,32.48,43.307,0.277
0,Baumann-Zirgel Pinot Noir Pièce de Chêne 2020,13.5,0.75,36.56,48.747,0.277
0,Nadal RNG Corpinnat Brut 2016,12.5,0.75,33.89,45.187,0.277
0,Insolente PR6 Bianco 2020,11.0,0.75,29.80,39.733,0.277
0,Rockmill Friend Or Foe,12.0,0.33,14.30,43.333,0.277
0,Domaine d'Henri Chablis Saint-Pierre 2020,12.5,0.75,33.81,45.08,0.277
0,Gorghi Tondi Rajàh 2019,13.0,0.75,35.17,46.893,0.277
0,Gorghi Tondi Kheirè 2019,13.0,0.75,35.17,46.893,0.277
0,Claude Baron Saphir Champagne Brut,12.0,0.75,32.48,43.307,0.277
0,Frank Cornelissen Susucaru Rosso 2022,14.0,0.75,37.84,50.453,0.277
0,Oud Beersel Oude Geuze Vieille,6.5,0.375,8.79,23.44,0.277
0,Moric Haus Marke Supernatural 2021,13.5,0.75,36.50,48.667,0.277
0,Montbra Champagne Brut,12.5,0.75,33.95,45.267,0.276
0,Terre del Barolo Biologico Barolo 2016,13.0,0.75,35.29,47.053,0.276
0,Smakbyns Ål-Meister Bongo,41.0,0.5,74.34,148.68,0.276
0,Marqués de Cáceres Gran Reserva 2014,14.0,0.75,37.99,50.653,0.276
0,Controversy Pinot Meunier Rosé 2019,11.0,0.75,29.90,39.867,0.276
0,Fattoria di Pancole Baracca 1903 2016,14.0,0.75,38.10,50.8,0.276
0,Bottega Petalo Moscato Dolce,6.5,0.75,17.73,23.64,0.275
0,Schloss Johannisberger Riesling Bronzelack Trocken 2021,13.0,0.75,35.48,47.307,0.275
0,Bernhard Wineck-Schlossberg Grand Cru 2021,13.0,0.75,35.39,47.187,0.275
0,Schröder & Schÿler Private Selection Pauillac 2014,13.0,0.75,35.48,47.307,0.275
0,Vollereaux Ratafia,18.0,0.7,45.90,65.571,0.275
0,Piedras de San Pedro Ribera Del Duero Reserva 2018,14.5,0.75,39.60,52.8,0.275
0,La Rioja Alta Viña Ardanza Reserva 2016,14.5,0.75,39.49,52.653,0.275
0,Clemens Busch Riesling Vom Roten Schiefer 2020,11.0,0.75,29.99,39.987,0.275
0,Laplace Maydie Tannat 2017,16.5,0.5,29.99,59.98,0.275
0,Little Fred X,12.5,0.375,17.06,45.493,0.275
0,Pansal del Calas 2013,16.5,0.5,29.98,59.96,0.275
0,Alessandro Rivetto Barbaresco 2018,14.5,0.75,39.49,52.653,0.275
0,Penfolds Bin 8 Cabernet Shiraz 2019,14.5,0.75,39.49,52.653,0.275
0,Hiisi Köyry West Coast Session IPA,3.5,0.33,4.20,12.727,0.275
0,Newton Skyside Chardonnay 2016,13.5,0.75,36.89,49.187,0.274
0,Cloudy Bay Chardonnay 2021,13.5,0.75,36.99,49.32,0.274
0,Baileys Original Irish Cream muovipullo,17.0,0.05,3.10,62.0,0.274
0,FJ Regnery Klüsserather Bruderschaft Im Barrique Gereift Trocken Pinot Noir 2020,13.5,0.75,36.90,49.2,0.274
0,Finca Casa Julia Albariño 2021,13.5,0.75,36.89,49.187,0.274
0,Paul Blanck Pinot Gris Patergarten 2018,14.0,0.75,38.37,51.16,0.274
0,FJ Regnery Klüsserather Bruderschaf Alte Reben Riesling 2022,12.0,0.75,32.80,43.733,0.274
0,Fen Jiu Qinghua 20,42.0,0.5,76.54,153.08,0.274
0,Clos Henri La Chapelle Blanc de Noir Extra Brut,12.5,0.75,34.21,45.613,0.274
0,Domaine De Montgilet Les Yvonnais 2016,13.0,0.75,35.62,47.493,0.274
0,Steininger Grüner Veltliner Ried Kammerner Lamm 1ÖTW Reserve 2021,13.5,0.75,36.90,49.2,0.274
0,The Balvenie Carribean Cask 14 Year Old Single Malt,43.0,0.7,109.98,157.114,0.274
0,Balvenie Week of Peat 14 Year Old Single Malt,48.3,0.7,123.50,176.429,0.274
0,Saint-Maurice Champagne Brut,12.0,0.75,32.99,43.987,0.273
0,La Roncaia Refosco 2017,14.5,0.75,39.87,53.16,0.273
0,Damilano Lecinquevigne Barolo 2017,14.5,0.75,39.83,53.107,0.273
0,Domäne Wachau Riesling Amphora 2020,12.5,0.75,34.29,45.72,0.273
0,Karam Touriga Nacional 2017,14.0,0.75,38.42,51.227,0.273
0,Domaine Arnoux Père et Fils Chorey-lès-Beaune 2020,14.0,0.75,38.42,51.227,0.273
0,Mouton Cadet Réserve Sauternes  2020,12.5,0.375,17.20,45.867,0.273
0,Tornion Hilla Cloudberry Longdrink tölkki,5.0,0.33,6.05,18.333,0.273
0,Dow's Quinta do Bomfim Vintage Port 2010,20.0,0.75,54.99,73.32,0.273
0,Motor City Kitty Syrah 2016,14.5,0.75,39.89,53.187,0.273
0,Bizoe Henriëtta 2018,12.0,0.75,33.02,44.027,0.273
0,Valamon Magei,10.5,0.5,19.29,38.58,0.272
0,Chateau de Malengin Eve 2018,14.5,0.75,39.91,53.213,0.272
0,El Esteco Altimus 2015,14.5,0.75,39.98,53.307,0.272
0,Silvio Grasso Barolo 2019,14.5,0.375,19.99,53.307,0.272
0,Thornbridge Necessary Evil Calvados Barrel Aged Stout,13.0,0.375,17.89,47.707,0.272
0,Chateau Fuissé Saint-Veran 2021,13.0,0.75,35.87,47.827,0.272
0,Châteu Marsyas  2013,14.5,0.75,39.91,53.213,0.272
0,Compass Box Juveniles Blended Malt,46.0,0.7,118.48,169.257,0.272
0,Hans Family Estate Tempranillo 2014,14.5,0.75,39.98,53.307,0.272
0,Thornbridge Necessary Evil English Whisky Barrel Aged Imperial Stout,13.0,0.375,17.94,47.84,0.272
0,Cantina Tramin Nussbaumer 2021,14.5,0.75,39.98,53.307,0.272
0,Domaine Marcel Deiss Riesling 2020,13.5,0.75,37.28,49.707,0.272
0,Penfolds Bin 28 Shiraz 2020,14.5,0.75,39.98,53.307,0.272
0,Rooster's Wild Wild Life,7.4,0.375,10.22,27.253,0.272
0,Thornbridge Necessary Evil Caribbean Rum Barrel Aged Stout,13.0,0.375,17.89,47.707,0.272
0,Thornbridge Necessary Evil Pedro Ximènez Barrel Aged Stout,13.0,0.375,17.89,47.707,0.272
0,Glenmorangie a Tale of Tokyo Single Malt,46.0,0.7,118.36,169.086,0.272
0,Thornbridge Necessary Evil Triple Sec Barrel Aged Stout,13.0,0.375,17.89,47.707,0.272
0,Kasnyik Orange Welschriesling 2021,12.5,0.75,34.56,46.08,0.271
0,William Fevre Chablis 2022,12.5,0.75,34.59,46.12,0.271
0,Tilquin Oude Gueuze,7.0,0.75,19.35,25.8,0.271
0,Glenmorangie A Tale Of Forest Single Malt,46.0,0.7,118.90,169.857,0.271
0,Donnafugata Sul Vulcano Etna Rosso 2020,13.0,0.75,35.99,47.987,0.271
0,Empirical Spirits Ayuuk 2020,43.0,0.5,79.76,159.52,0.27
0,Avondale Samsara Syrah 2014,14.0,0.75,38.90,51.867,0.27
0,Sonnisaari Vattu Raspberry Sour,4.8,0.33,5.87,17.788,0.27
0,Kåska Casual Spirit,15.0,0.5,27.80,55.6,0.27
0,Recaredo Relats de Viticultors Corpinnat Brut Nature 2019,11.5,0.75,31.98,42.64,0.27
0,André Delorme Crémant de Bourgogne Brut Piccolo,12.0,0.2,8.90,44.5,0.27
0,United Gypsies Pink Ballerina Räspberry Gose 2021 tölkki,4.0,0.33,4.88,14.788,0.27
0,Giuseppe Campagnola Amarone della Valpolicella Classico 2019,15.5,0.75,42.99,57.32,0.27
0,Kentucky Owl Takumi Edition,50.0,0.7,129.99,185.7,0.269
0,Hiisi Lempo White Grape Sour,3.5,0.33,4.29,13.0,0.269
0,Baumann-Zirgel Crémant d'Alsace Blanc de Blancs Brut,12.5,0.75,34.87,46.493,0.269
0,Gorghi Tondi Segreante 2018,14.5,0.75,40.36,53.813,0.269
0,Cuvée de Purcari Brut 2018,12.5,0.75,34.89,46.52,0.269
0,Kakola Atelier 10,6.5,0.33,7.98,24.182,0.269
0,Dr. H. Thanisch Bernkasteler Riesling Kabinett Fruchtig 2021,7.5,0.75,20.90,27.867,0.269
0,Trenel Pouilly-Vinzelles Climat Les Quarts 2019,14.0,0.75,38.99,51.987,0.269
0,Rimapere Plot 101 Sauvignon Blanc 2021,13.0,0.75,36.30,48.4,0.269
0,Gorghi Tondi Sorante 2018,14.5,0.75,40.36,53.813,0.269
0,Verrocchio Amarone della Valpolicella Classico 2018,15.0,0.375,20.89,55.707,0.269
0,Oban 10 Year Old Special Release 2022 Single Malt,57.1,0.7,149.34,213.343,0.268
0,Le Bullet Champagne Brut,12.5,0.75,34.99,46.653,0.268
0,Gen One Red 2018,15.0,0.75,41.98,55.973,0.268
0,Elio Grasso Educato Langhe Chardonnay 2021,14.0,0.75,39.21,52.28,0.268
0,Dönnhoff Kreuznacher Kahlenberg VDP Erste Lage Riesling Trocken 2021,12.5,0.75,34.99,46.653,0.268
0,Train Station Brewery Gin Tonic,4.0,0.275,4.11,14.945,0.268
0,Westward Single Barrel Selection VYS Stout Cask Finish Single Malt,57.5,0.7,150.00,214.286,0.268
0,Berlucchi '61 Franciacorta Rosé Brut,12.5,0.75,34.99,46.653,0.268
0,Cantina Kaltern Brut Nature 2013,13.0,0.75,36.45,48.6,0.267
0,Torbreck The Steading Blanc 2020,13.5,0.75,37.99,50.653,0.267
0,Brancamenta,28.0,0.02,2.10,105.0,0.267
0,Brancamenta 3-pack,28.0,0.06,6.30,105.0,0.267
0,Nivarius Valdesabril Viura 2019,13.5,0.75,37.99,50.653,0.267
0,Avignonesi Vino Nobile di Montepulciano 2019,13.5,0.75,37.99,50.653,0.267
0,Teerenpeli 10 Year Old Single Malt,43.0,0.5,80.49,160.98,0.267
0,Kamara Nimbus Albus 2020,12.5,0.75,35.09,46.787,0.267
0,Tiffon Chateau de Triac Reserve de la Famille,40.0,0.2,29.99,149.95,0.267
0,Francois Mikulski Crémant de Bourgogne Brut,12.5,0.75,35.15,46.867,0.267
0,Château de Pierreclos Saint-Véran au Grand Bussiere 2020,13.0,0.75,36.50,48.667,0.267
0,Les Brugueres Blanc 2021,13.5,0.75,37.90,50.533,0.267
0,Domaine du Vieux Lazaret Châteauneuf-du-Pape 2022,13.5,0.75,37.99,50.653,0.267
0,Mullineux Old Vines White 2021,13.5,0.75,37.99,50.653,0.267
0,Cipes Brut,12.5,0.75,35.18,46.907,0.266
0,Nittnaus Elektra 2022,12.5,0.75,35.22,46.96,0.266
0,Piri Naturel Weissburgunder 2020,12.0,0.75,33.89,45.187,0.266
0,Ixsir Altitudes Red 2012,13.5,0.75,38.10,50.8,0.266
0,Dourakis Kudos Kotsifali Syrah 2020,13.0,0.75,36.69,48.92,0.266
0,Schmelzer Dion Pet Nat 2022,12.0,0.75,33.89,45.187,0.266
0,Frescobaldi Castelgiocondo Brunello di Montalcino 2018,14.5,0.75,40.98,54.64,0.265
0,Don Tommaso Chianti Classico Gran Selezione 2018,14.5,0.75,40.98,54.64,0.265
0,André Legrand Champagne Brut,12.0,0.75,33.98,45.307,0.265
0,Apeca Euforia Brut 2020,12.5,0.75,35.39,47.187,0.265
0,Mas Combarèla Ode Aux Ignorants 2019,14.5,0.75,41.11,54.813,0.265
0,Fontanafredda Monforte d'Alba Barolo 2018,14.5,0.75,40.98,54.64,0.265
0,Joseph Faiveley Pinot Noir 2021,13.0,0.75,36.98,49.307,0.264
0,Gen One White 2019,13.0,0.75,36.98,49.307,0.264
0,Pieropan La Rocca 2021,13.0,0.75,36.99,49.32,0.264
0,Henri Milan Papillon Blanc 2022,12.5,0.75,35.50,47.333,0.264
0,Valduero Tierra Alta en 2 Maderas 2018,14.0,0.375,19.87,52.987,0.264
0,Benjamin Bridge NV Brut,11.5,0.75,32.67,43.56,0.264
0,Neumeister Ried Klausen 1STK Sauvignon Blanc 2020,13.0,0.75,36.90,49.2,0.264
0,Domini Veneti Amarone Della Valpolicella Classico 2020,15.5,0.75,43.98,58.64,0.264
0,Bache Gabrielsen Aged 19 Years  Vintage 2002,47.2,0.7,124.98,178.543,0.264
0,Amélie & Charles Sparr Riesling Altenbourg 2021,13.0,0.75,36.89,49.187,0.264
0,Allegrini La Grola 2020,14.0,0.75,39.83,53.107,0.264
0,Kamara Shadow Play 2017,13.5,0.75,38.41,51.213,0.264
0,Bouchard Monthélie 2018,12.5,0.75,35.48,47.307,0.264
0,Contadi Castaldi Rosé Franciacorta Brut,12.5,0.75,35.48,47.307,0.264
0,Hans Herzog Secret of Marlborough  2014,14.0,0.75,39.98,53.307,0.263
0,Bruno 2010,12.5,0.75,35.69,47.587,0.263
0,VIK A 2020,14.0,0.75,39.98,53.307,0.263
0,Palmento Costanzo Nero Di Sei Etna Rosso 2017,14.0,0.75,39.90,53.2,0.263
0,Château Grange-Neuve 2018,14.0,0.75,39.86,53.147,0.263
0,Delamain XO Pale & Dry Grande Champagne,42.0,0.5,79.90,159.8,0.263
0,Valduero Una Cepa 2016,14.0,0.75,39.98,53.307,0.263
0,Chimay Grande Reserve Oak Aged 2019,10.5,0.375,14.95,39.867,0.263
0,Clos Henri Pinot Noir 2016,14.0,0.75,39.98,53.307,0.263
0,Artemis Karamolegos Santorini 2021,14.0,0.75,39.99,53.32,0.263
0,Château Bellevue Figeac 2019,14.0,0.75,39.91,53.213,0.263
0,Hans Family Estate Zweigelt 2014,14.0,0.75,39.98,53.307,0.263
0,Valamo Monastery Whisky Unpeated Batch #1 Single Malt,47.0,0.5,89.42,178.84,0.263
0,Au Bon Climat Santa Barbara County Pinot Noir 2021,14.0,0.75,39.99,53.32,0.263
0,Guido Rivella Langhe Nebbiolo 2019,14.0,0.75,39.95,53.267,0.263
0,Sokol Blosser Dundee Hills Estate Pinot Noir 2018,14.0,0.75,39.95,53.267,0.263
0,Banfi Rosa Regale Brachetto d'Acqui 2022,7.0,0.75,19.98,26.64,0.263
0,Paso las Mañas 2021,14.0,0.75,39.91,53.213,0.263
0,Rohozec Pomelo Citrus Maxima,2.2,0.5,4.20,8.4,0.262
0,Matsu El Viejo 2021,15.0,0.75,42.99,57.32,0.262
0,Fat Lizard Fat Barrel Series 03 Woodsmoke French Oak & New American Oak Imperial Stout,10.5,0.375,15.02,40.053,0.262
0,Luca Bosio Moscato d'Asti 2020,5.5,0.75,15.77,21.027,0.262
0,Joseph Drouhin Vaudon Chablis 2022,12.5,0.375,17.91,47.76,0.262
0,Caprili Brunello di Montalcino 2018,14.0,0.75,40.28,53.707,0.261
0,Poças Fora da Série Orange Wine 2021,11.5,0.75,32.99,43.987,0.261
0,Isole e Olena Chianti Classico 2020,14.0,0.375,20.11,53.627,0.261
0,Villa Crespia Millè Franciacorta Brut 2016,12.5,0.75,35.98,47.973,0.261
0,Rimapere Pinot Noir  2018,13.0,0.75,37.42,49.893,0.261
0,Domini Veneti Recioto della Valpolicella 2017,12.5,0.5,23.99,47.98,0.261
0,Rupert & Rothschild Vignerons Baroness Nadine Chardonnay 2021,14.0,0.75,40.23,53.64,0.261
0,Guerrieri Rizzardi 3 Cru Amarone della Valpolicella Classico 2018,16.0,0.75,45.98,61.307,0.261
0,Josefina Piñol Vi Dolc Bianco 2016,15.0,0.5,28.77,57.54,0.261
0,Alice Bardot Cuvée Grande Reserve Champagne Brut,12.5,0.375,17.98,47.947,0.261
0,Château de Plaisance Cremant de Loire Brut Nature 2020,12.5,0.75,35.90,47.867,0.261
0,Librandi Gravello Val di Neto 2015,14.0,0.75,40.32,53.76,0.26
0,Tuju Phobos 2023 2023,6.0,0.75,17.30,23.067,0.26
0,Mullineux Syrah 2019,13.5,0.75,38.99,51.987,0.26
0,Laporte Sancerre Les Royaux 2019,13.5,0.75,38.99,51.987,0.26
0,Milan Nestarec Juicy Fruit 2018,12.5,0.75,35.99,47.987,0.26
0,Bret Brothers Macon-Igé Climat “Les Vernayes” 2021,12.5,0.75,35.99,47.987,0.26
0,Baricchi Luna Bianca,12.0,0.75,34.68,46.24,0.26
0,Chateau La Grace Fonrazade Persevero 2019,14.0,0.75,40.32,53.76,0.26
0,K The Deal Syrah 2017,15.0,0.75,43.29,57.72,0.26
0,Els Vinyerons Saltamarti 2019,12.0,0.75,34.64,46.187,0.26
0,Frescobaldi Leonia Pomino Brut 2017,12.5,0.75,36.00,48.0,0.26
0,Domaine Capelanel Amphût 2015,14.0,0.75,40.58,54.107,0.259
0,Fat Lizard Fat Barrel Series 01 Dark Gin New American Oak Imperial Stout,10.4,0.375,15.03,40.08,0.259
0,Domaine Capelanel Cuvée Titouan 2014,14.0,0.75,40.58,54.107,0.259
0,Petit Verdot by Belle-Vue 2019,14.0,0.75,40.58,54.107,0.259
0,Ixsir Grande Réserve Rosé 2019,14.0,0.75,40.55,54.067,0.259
0,Pio Cesare Fides Barbera d'Alba 2020,14.5,0.75,41.98,55.973,0.259
0,Imperial Reserva 2018,14.0,0.75,40.49,53.987,0.259
0,Louis Massing Grande Réserve Symbiopsis Champagne Brut,12.5,0.75,36.31,48.413,0.258
0,Château Roumieu 2020,13.0,0.375,18.86,50.293,0.258
0,Selbach-Oster Spätburgunder Trocken 2020,12.5,0.75,36.39,48.52,0.258
0,Johannishof Johannisberger Auf der Höll Riesling Trocken VDP Erste Lage 2019,11.0,0.375,16.00,42.667,0.258
0,Chateau De Fontaine-Audon Sancerre 2021,12.0,0.75,34.89,46.52,0.258
0,Velenosi Visciole Querciantica,13.5,0.5,26.14,52.28,0.258
0,G.H. Martel & Co Prestige Champagne Brut,12.0,0.75,34.90,46.533,0.258
0,Alias Branco 2015,11.0,0.75,31.96,42.613,0.258
0,CoolHead Gose tölkki,3.5,0.44,5.97,13.568,0.258
0,Camin Larredya La Virada 2017,14.5,0.75,42.21,56.28,0.258
0,Forge Cellars Dry Riesling 2018,13.0,0.75,37.84,50.453,0.258
0,M. Haslinger & Fils Champagne Brut,12.0,0.75,34.90,46.533,0.258
0,Valamon Serafi Mesimarjakuohuviini,12.0,0.75,34.98,46.64,0.257
0,Lecomte Pere & Fils Champagne  Brut Tradition,12.0,0.75,34.98,46.64,0.257
0,Parés Baltà Cusiné Blanca Cava Brut Nature Organic 2012,12.0,0.75,34.98,46.64,0.257
0,Volpe Pasini Zuc di Volpe Sauvignon 2021,13.0,0.75,37.90,50.533,0.257
0,Château de Plaisance Ronceray 2022,13.0,0.75,37.99,50.653,0.257
0,Fontanasanta Manzoni Bianco 2022,12.5,0.75,36.45,48.6,0.257
0,Domaine Laroche Chablis 1er Cru Les Vaudevey 2022,12.0,0.75,34.99,46.653,0.257
0,Gimme Gimme Gimme Riesling 2020,12.0,0.75,34.97,46.627,0.257
0,Joseph Drouhin Rully 2021,13.0,0.75,37.89,50.52,0.257
0,Ultimate Provence Rosé Jeroboam 2021,12.5,3.0,145.98,48.66,0.257
0,Musa Peste & Cidra,4.0,0.33,5.14,15.576,0.257
0,Gustave Lorentz Riesling Grand Cru Altenberg de Bergheim Vieilles Vignes 2019,14.5,0.75,42.32,56.427,0.257
0,Birgit Eichinger Ried Zöbinger Gaisberg 1ÖTW Riesling Trocken 2018,13.0,0.75,37.97,50.627,0.257
0,Octomore 12.1 Single Malt,59.9,0.7,164.00,234.286,0.256
0,Paul Blanck Riesling Rosenbourg 2020,12.5,0.75,36.67,48.893,0.256
0,La Mascaronne Fazioli 2012,13.5,1.5,79.00,52.667,0.256
0,Boon Oude Kriek,6.5,0.375,9.52,25.387,0.256
0,The Glenrothes 2006 Single Cask #5463 Nordic Edition 2021 Single Malt,66.3,0.7,181.50,259.286,0.256
0,FJ Regnery Klüsserather Bruderschaf Mineralquadrat Feinherb Riesling 2021,11.0,0.75,32.36,43.147,0.255
0,Braastad XO Superior,40.0,0.7,109.98,157.114,0.255
0,Bottega Rose Gold Brut Jeroboam,11.5,3.0,135.37,45.123,0.255
0,Octomore 11.1 Single Malt,59.4,0.7,162.90,232.714,0.255
0,Gramona Imperial Corpinnat Brut 2018,12.0,0.75,35.35,47.133,0.255
0,Château Fourcas Hosten 2012,12.5,0.75,36.98,49.307,0.254
0,Zenato Lugana Riserva 2020,13.5,0.75,39.87,53.16,0.254
0,Mallaskoski Jeriko Framboise Wild Sour Ale,6.4,0.75,18.89,25.187,0.254
0,Knoll Ried Trum Grüner Veltliner Federspiel 2021,12.5,0.75,36.98,49.307,0.254
0,Bottega Petalo Moscato Spumante Dolce,6.5,0.2,5.11,25.55,0.254
0,Maison Sinnae Les Traverses Gigondas 2021,14.5,0.75,42.86,57.147,0.254
0,Porto Gran Cruz Aged 20 Years,20.0,0.75,58.99,78.653,0.254
0,Contadi Castaldi Franciacorta Brut,12.5,0.375,18.49,49.307,0.254
0,Nederburg The Winemasters Noble Late Harvest 2022,10.5,0.375,15.48,41.28,0.254
0,Château Clarke Le Merle Blanc 2022,13.5,0.75,39.91,53.213,0.254
0,Fantini Edizione 19 Cinque Autoctoni 2018,14.5,1.5,85.60,57.067,0.254
0,Fontanafredda Barolo 2019,13.5,0.375,19.93,53.147,0.254
0,Fongoli Laetitia Frizzante 2019,11.5,0.75,33.98,45.307,0.254
0,Wine & Soul Guru 2020,12.5,0.75,36.99,49.32,0.253
0,Kakola Atelier 36 Sparkling Ale,5.6,0.75,16.62,22.16,0.253
0,Churchill's Estates Grafite Grande Reserva 2014,14.5,0.75,42.90,57.2,0.253
0,Inama Foscarino 2019,12.5,0.75,37.07,49.427,0.253
0,Neiss Glockenspiel Spätburgunder Kindenheimer Vogelsang 2016,13.5,0.75,39.98,53.307,0.253
0,Hallonmäen Vattu Karhunvadelmakuohu 2020,10.0,0.75,29.70,39.6,0.253
0,Arpepe Rosso di Valtellina 2021,13.5,0.75,39.98,53.307,0.253
0,Planeta Chardonnay 2020,13.5,0.75,39.98,53.307,0.253
0,Lindemans Oude Gueuze Cuvée René,6.0,0.375,8.94,23.84,0.252
0,Lafontan 1984 Bas-Armagnac,40.0,0.7,111.20,158.857,0.252
0,Ad Fines 2013,12.5,0.75,37.17,49.56,0.252
0,Gran Cruz Porto Colheita 2011,20.0,0.75,59.50,79.333,0.252
0,Koppitsch Perspektive Rot 2020,11.0,0.75,32.76,43.68,0.252
0,Château Pesquié Artemia 2018,13.5,0.75,40.12,53.493,0.252
0,Gini Maciete Fumé Sauvignon 2016,13.0,0.75,38.83,51.773,0.251
0,Bauchet Origine Champagne Brut Magnum,12.5,1.5,74.75,49.833,0.251
0,Bottega Brunello di Montalcino 2015,15.0,0.75,44.89,59.853,0.251
0,Bruno Rocca Fralu Nebbiolo 2019,14.0,0.75,41.77,55.693,0.251
0,Sourdet - Diot Champagne Brut,12.5,0.75,37.42,49.893,0.251
0,Gustave Lorentz Grand Cru Kanzlerberg Riesling 2019,13.0,0.75,38.89,51.853,0.251
0,Pago de Tharsys Millésime Barrica Reserva Cava Brut Nature 2020,12.0,0.75,35.89,47.853,0.251
0,Duckhorn Napa Valley Chardonnay 2021,14.5,0.75,43.40,57.867,0.251
0,Filippo Manetti Gea Bianco,12.5,0.75,37.37,49.827,0.251
0,Torelló Tradicional Corpinnat Brut Nature 2015,12.0,0.75,35.80,47.733,0.251
0,Emilio Moro Malleolus 2020,15.0,0.75,44.80,59.733,0.251
0,Soryu Koshu Curious 2018,12.0,0.75,35.80,47.733,0.251
0,Merlet XO,40.0,0.2,31.85,159.25,0.251
0,Domaine Belle Crozes-Hermitage Cuvée Louis Belle 2020,15.0,0.75,44.82,59.76,0.251
0,Gini Sorai Bianco 2016,13.0,0.75,38.83,51.773,0.251
0,Brutalis 2018,15.0,0.75,44.86,59.813,0.251
0,Ferghettina Franciacorta Brut,12.5,0.75,37.38,49.84,0.251
0,Habla No. 26 Syrah 2019,14.0,0.75,41.99,55.987,0.25
0,Borgogno No Name Nebbiolo 2020,14.0,0.75,41.95,55.933,0.25
0,Apotheke Riesling Auslese 2022,7.5,0.5,14.98,29.96,0.25
0,Recaredo Intens Rosat Corpinnat Brut Nature 2017,12.0,0.75,35.99,47.987,0.25
0,Abadia Retuerta Seleccion Especial 2019,15.0,0.75,44.95,59.933,0.25
0,Bruno Rocca Cadet Chardonnay 2019,13.0,0.75,38.97,51.96,0.25
0,Habla No. 27 Cabernet Franc 2019,14.0,0.75,41.99,55.987,0.25
0,Château de Coing de St. Fiacre Comte de Saint Hubert Muscadet Sèvre et Maine 2015,12.0,0.75,35.98,47.973,0.25
0,Balfour 1503 Rose Dry,12.0,0.75,35.98,47.973,0.25
0,Dangin-Fays Champagne Brut,12.0,0.75,35.99,47.987,0.25
0,Coral Duero Rompesedas 2018,15.0,0.75,45.00,60.0,0.25
0,Kopke 20 Years Old Tawny,20.0,0.375,29.98,79.947,0.25
0,Torbreck The Steading 2018,15.0,0.75,44.98,59.973,0.25
0,Villa Maria Seddon Vineyard Pinot Noir 2019,12.5,0.75,37.48,49.973,0.25
0,Scacciadiavoli Montefalco Sagrantino 2013,15.0,0.75,45.00,60.0,0.25
0,Bolla Le Origini Amarone della Valpolicella Riserva 2013,16.0,0.75,47.99,63.987,0.25
0,Habla No. 28 Tempranillo 2019,14.0,0.75,41.99,55.987,0.25
0,Penfolds Bin 311 Chardonnay 2020,13.0,0.75,38.99,51.987,0.25
0,Matsu La Jefa 2019,13.0,0.75,38.99,51.987,0.25
0,Panizzi Ermius Pinot Nero 2019,14.5,0.75,43.50,58.0,0.25
0,Santa Sofia Recioto della Valpolicella Classico 2020,14.0,0.5,27.98,55.96,0.25
0,Latourba Unique Brut,12.5,0.75,37.61,50.147,0.249
0,Envínate Mígan 2021,12.0,0.75,36.20,48.267,0.249
0,Bushmills 16 Year Old Single Malt,40.0,0.7,112.59,160.843,0.249
0,Philippe & Sylvain Ravier Chignin-Bergeron La Peyse 2017,13.0,0.75,39.14,52.187,0.249
0,Flatio Amarone della Valpolicella Classico 2016,16.0,0.75,48.28,64.373,0.249
0,Fratelli Pardi Sagrantino di Montefalco 2016,15.5,0.375,23.31,62.16,0.249
0,Gancia Cuvée 36 Mesi Alta Langa Brut 2015,12.0,0.75,36.30,48.4,0.248
0,de Ladoucette Pouilly-Fumé 2022,13.5,0.75,40.75,54.333,0.248
0,Metté Liqueur de Safran,25.0,0.5,50.33,100.66,0.248
0,Schnaitmann Simonroth Lemberger 2019,13.0,0.75,39.39,52.52,0.248
0,Zenato Amarone della Valpolicella Classico 2018,16.5,0.75,49.89,66.52,0.248
0,Dal Cero Amarone della Valpolicella 2015,16.5,0.75,49.89,66.52,0.248
0,The Macallan Classic Cut 2023 Single Malt,50.3,0.7,141.94,202.771,0.248
0,The Macallan A Night on Earth The Journey Single Malt,43.0,0.7,121.66,173.8,0.247
0,Bauchet Origine Champagne Brut,12.5,0.375,18.98,50.613,0.247
0,"Ramon Canals Marta Deluxe Gran Reserva Cava Brut Nature
 2014",11.5,0.75,34.98,46.64,0.247
0,Wynns Coonawarra Estate Black Label Cabernet Sauvignon 2019,13.8,0.75,41.98,55.973,0.247
0,Grosset Alea Riesling 2022,12.5,0.75,37.99,50.653,0.247
0,Nynäshamns Valsviken Vinterporter,9.1,0.25,9.22,36.88,0.247
0,Fenocchio Barolo 2019,14.5,0.75,44.06,58.747,0.247
0,Monte Rossa Sansevè Franciacorta Satèn Brut,12.5,0.75,37.99,50.653,0.247
0,Delirium Blond Barrel Aged,11.5,0.75,35.01,46.68,0.246
0,Les Quarterons 2020,13.0,0.75,39.57,52.76,0.246
0,Tedeschi Amarone della Valpolicella Classico 2019,16.5,0.75,50.31,67.08,0.246
0,Les 3 Cellier Châteauneuf du Pape Marceau 2020,15.0,0.75,45.81,61.08,0.246
0,Delirium Black Barrel Aged,11.5,0.75,35.01,46.68,0.246
0,Gini Contrada Salvarenza Vecchie Vigne 2018,13.0,0.75,39.73,52.973,0.245
0,Boffa Barbaresco Pajè 2018,14.0,0.75,42.90,57.2,0.245
0,Moric Tokaj Hidden Treasures NR1 2021,13.0,0.75,39.78,53.04,0.245
0,Ferraton Châteauneuf-du-Pape 2019,15.0,0.75,45.98,61.307,0.245
0,Rieflé Lieu-Dit Strangenberg Pinot Noir 2017,13.0,0.75,39.76,53.013,0.245
0,The Matsui Sakura Cask Single Malt,48.0,0.7,136.98,195.686,0.245
0,Vignai da Duline Pinot Grigio 2022,14.0,0.75,42.86,57.147,0.245
0,Jakob Jung Erbacher Siegelsberg Riesling Trocken Grosses Gewächs 2020,13.0,0.75,39.87,53.16,0.245
0,Jakob Jung Erbacher Michelmark Riesling Spätlese 2019,8.5,0.75,25.98,34.64,0.245
0,Tommasi Amarone della Valpolicella Classico 2019,15.0,0.75,45.98,61.307,0.245
0,Castello delle Regine Merlot 2005,14.0,0.75,42.87,57.16,0.245
0,Masi Costasera Amarone Classico 2018,15.0,0.75,45.98,61.307,0.245
0,Charlotte Pétillant Naturel 2022,11.5,0.75,35.22,46.96,0.245
0,Trascuevas Blanco 2021,13.0,0.75,39.91,53.213,0.244
0,Pouilly-Fumé La Demoiselle de Bourgeois 2017,13.0,0.75,39.98,53.307,0.244
0,Domaine la Boutiniere Tradition Blanc Chateauneuf du Pape 2021,13.0,0.75,39.91,53.213,0.244
0,Bottega Gold Brut Jeroboam 2021,11.0,3.0,135.37,45.123,0.244
0,Loimer Gemischter Satz mit Achtung 2016,13.0,0.75,39.98,53.307,0.244
0,Louis Latour Côte de Beaune Villages 2019,13.0,0.75,39.99,53.32,0.244
0,Jean-Paul Brun Morgon Côte du Py Javernières 2022,12.5,0.75,38.50,51.333,0.244
0,Marchese Antinori Cuvée Royale Brut,12.5,0.75,38.39,51.187,0.244
0,Sichel Margaux 2020,13.0,0.75,40.03,53.373,0.244
0,Thörle Saulheimer Schlossberg Riesling Trocken 2020,13.0,0.75,39.98,53.307,0.244
0,Chavignol Sancerre 2022,13.0,0.75,39.99,53.32,0.244
0,Produttori del Barbaresco Barbaresco 2019,14.0,0.75,42.98,57.307,0.244
0,Gonzalez Byass Del Duque Amontillado Sherry,21.5,0.375,32.99,87.973,0.244
0,Sabotage Cabernet Sauvignon 2017,15.0,0.75,46.16,61.547,0.244
0,Kizan Junmai Ginjo Nama Genshu Sake,15.5,0.72,45.74,63.528,0.244
0,Rust En Vrede Estate  2020,14.0,0.75,42.95,57.267,0.244
0,Viré-Clessé Cuvée E.J. Thevenet  2018,14.5,0.75,44.49,59.32,0.244
0,Antica Fratta Franciacorta Essence Rose Brut 2015,13.0,0.75,39.98,53.307,0.244
0,Foradori 2020,12.5,0.75,38.42,51.227,0.244
0,Monbazillac Cuvée du Chateau 2007,13.0,0.375,19.99,53.307,0.244
0,Torii Mor Pinot Noir 2020,13.0,0.75,40.16,53.547,0.243
0,Domaine des Bosquets Gigondas Réserve 2021,14.5,0.75,44.82,59.76,0.243
0,Bernard Robert Réserve Champagne Brut,12.0,0.75,36.98,49.307,0.243
0,Des Grand Chemins Crozes-Hermitage 2020,14.0,0.75,43.22,57.627,0.243
0,Mauro Veglio Barolo 2018,14.5,0.75,44.70,59.6,0.243
0,Château Pesquié Cuvée Juliette 2019,13.0,0.75,40.12,53.493,0.243
0,Mionetto di Cartizze Prosecco Dry,11.0,0.75,33.98,45.307,0.243
0,Terre di Sarizzola Biancornetto Derthona Timorasso 2020,14.5,0.75,44.75,59.667,0.243
0,Blondel Premier Cru Carte d'Or Champagne Brut,12.0,0.75,36.99,49.32,0.243
0,Müller-Catoir Herrenletten Erste Lage Riesling Trocken 2020,13.0,0.75,40.17,53.56,0.243
0,Flechas de Los Andes Gran Corte 2018,14.5,0.75,44.93,59.907,0.242
0,Clos La Gaffeliere 2019,14.0,0.75,43.34,57.787,0.242
0,Talisker 11 Year Old Special Release 2022 Single Malt,55.1,0.7,159.38,227.686,0.242
0,Nederburg Private Bin R181 Merlot 2012,14.5,0.75,44.89,59.853,0.242
0,Ruffino Modus 2019,15.0,0.75,46.50,62.0,0.242
0,Graeme & Julie Bott Saint-Joseph Rouge 2020,13.5,0.75,41.89,55.853,0.242
0,Castell d'Encus Jhana 2019,13.5,0.75,41.77,55.693,0.242
0,Campillo Gran Reserva 2014,14.5,0.75,45.00,60.0,0.242
0,Boekenhoutskloof Semillon 2018,13.5,0.75,41.89,55.853,0.242
0,Clos Alkio Fam de Vida Garnatxa Negra 2020,15.0,0.75,46.49,61.987,0.242
0,Baumann-Zirgel Cuvée Arthur Riesling Grand Cru Schoenenbourg 2019,14.5,0.75,44.85,59.8,0.242
0,Ruffino Riserva Ducale Oro Chianti Classico Gran Selezione 2019,14.5,0.75,44.98,59.973,0.242
0,Mongarda Valdobbiadene Prosecco Superiore Dosaggio Zero 2018,12.0,0.75,37.28,49.707,0.241
0,Pfeffingen Weilberg Riesling GG 2017,13.5,0.75,41.95,55.933,0.241
0,Peter Nicolay Brauneberger Juffer Riesling Spätlese 2002,8.0,0.75,24.89,33.187,0.241
0,Domaine du Haut Bourg Muscadet Côtes de Grandlieu Signature 2015,12.0,0.75,37.38,49.84,0.241
0,Boekenhoutskloof Semillon 2019,13.5,0.75,41.98,55.973,0.241
0,Château Minuty Rose et Or 2022,12.5,0.75,38.89,51.853,0.241
0,Yohan Lardy Moulin-a-Vent Vieilles Vignes de 1903 2022,14.0,0.75,43.54,58.053,0.241
0,La Chouette de Champillon Champagne Brut,12.5,0.75,38.90,51.867,0.241
0,Ruppertsberger Riesling Auslese 2020,9.0,0.375,13.99,37.307,0.241
0,Iuli Nino,12.5,0.75,38.88,51.84,0.241
0,Balfour 1503 Classic Cuvee Brut,11.5,0.75,35.98,47.973,0.24
0,Meukow XO,40.0,3.0,499.89,166.63,0.24
0,Bargylus Rouge 2013,14.5,0.75,45.31,60.413,0.24
0,Carl Loewen Maximin Herrenberg 1896 Alte Reben Riesling Trocken 2021,12.5,0.75,38.99,51.987,0.24
0,Tilquin Oude Gueuze à l'Ancienne,7.0,0.375,10.96,29.227,0.24
0,Paul Blanck Gewurztraminer Altenbourg 2021,14.0,0.75,43.75,58.333,0.24
0,Arras Elite Brut,12.5,0.75,38.99,51.987,0.24
0,De Ranke Saison de Dottignies,5.5,0.75,17.16,22.88,0.24
0,Penfolds Bin 311 Chardonnay 2022,12.5,0.75,38.99,51.987,0.24
0,Moenchberg Riesling Grand Cru 2019,14.5,0.75,45.27,60.36,0.24
0,Il Monte Caro Valpolicella Superiore 2017,14.0,0.75,43.68,58.24,0.24
0,Napa Cellars Cabernet Sauvignon 2017,14.0,0.75,43.90,58.533,0.239
0,Château de Plaisance La Grande Piece 2020,15.0,0.75,46.99,62.653,0.239
0,Van Volxem Rotschiefer Riesling Kabinett 2021,9.5,0.75,29.80,39.733,0.239
0,Oban 12 Year Old Special Release 2021 Single Malt,56.2,0.7,164.38,234.829,0.239
0,Chambers Rutherglen Muscat,17.5,0.375,27.50,73.333,0.239
0,Frapin Château Fontpinot XO,41.0,0.7,120.00,171.429,0.239
0,La Rioja Alta Viña Arana Gran Reserva 2015,14.5,0.75,45.49,60.653,0.239
0,Kanavan Toini Punaherukka Sour,5.0,0.33,6.89,20.879,0.239
0,Clos Manou 2021,13.5,0.75,42.37,56.493,0.239
0,J & H Selbach Riesling Spätlese 2022,9.0,0.75,28.29,37.72,0.239
0,Hanssens Oude Gueuze,6.0,0.375,9.42,25.12,0.239
0,Gautier XO,40.0,0.7,117.51,167.871,0.238
0,Villa al Cortile Brunello di Montalcino  2016,14.0,0.75,44.19,58.92,0.238
0,Robert de Pampignac Champagne Brut,12.0,0.375,18.90,50.4,0.238
0,Nehrer Gemischter Satz Privat 2021,13.0,0.75,40.99,54.653,0.238
0,Highland Park 18 Year Old Single Malt,43.0,0.7,126.49,180.7,0.238
0,Monte Del Frá Amarone della Valpolicella Classico 2018,15.5,0.75,49.02,65.36,0.237
0,Harrow & Hope Reserve Brut,12.0,0.75,37.98,50.64,0.237
0,Bret Brothers Fleurie Climat “Les Ponciés” 2019,14.5,0.75,45.98,61.307,0.237
0,Alvinne Wild West Kriek-Framboos,6.0,0.33,8.37,25.364,0.237
0,Niepoort Caracolete 2015,12.0,0.75,38.00,50.667,0.237
0,Carmim Reguengos Garrafeira Dos Socios 2017,14.5,0.75,45.80,61.067,0.237
0,Motor City Kitty Syrah 2019,14.5,0.75,45.98,61.307,0.237
0,Bellavista Alma Gran Cuvée Franciacorta Brut,12.5,0.75,39.48,52.64,0.237
0,Creation Reserve Syrah 2018,14.5,0.75,45.98,61.307,0.237
0,Etienne Simonis Grand Cru Marckrain Gewurztraminer 2018,12.5,0.75,39.50,52.667,0.237
0,Octomore 11.2 Single Malt,58.6,0.7,173.99,248.557,0.236
0,Mauro Sebaste Avremo Alta Langa Millesimato Dosaggio Zero 2019,12.5,0.75,39.80,53.067,0.236
0,Kaiken Obertura Cabernet Franc 2018,14.5,0.75,46.00,61.333,0.236
0,Domaine de la Rectorie Banyuls Traditionnel Pierre Rapidel 2009,16.5,0.5,34.99,69.98,0.236
0,Domäne Wachau Smaragd Achleiten Grüner Veltliner 2021,14.0,0.75,44.40,59.2,0.236
0,Loimaan Pouta Tyrni-Gin lonkero,5.0,0.33,6.99,21.182,0.236
0,Catena Alta Cabernet Sauvignon 2019,13.5,0.75,42.99,57.32,0.236
0,Mount Pleasant Elizabeth Semillon 2013,11.0,0.75,34.96,46.613,0.236
0,Gini La Froscà Soave Classico 2020,12.5,0.75,39.78,53.04,0.236
0,Bolney Estate Blanc de Blancs Brut 2020,12.5,0.75,39.80,53.067,0.236
0,Viña Real Gran Reserva 2015,13.5,0.75,42.99,57.32,0.236
0,Jansz Vintage Cuvée Brut 2015,12.5,0.75,39.65,52.867,0.236
0,Baumann-Zirgel Cuvée Amélie Riesling Grand Cru Schlossberg 2018,12.5,0.75,39.89,53.187,0.235
0,La Chouette de Champillon Magnum Champagne Brut,12.5,1.5,79.95,53.3,0.235
0,Paul Dangin & Fils Cuvée Carte Or Champagne Brut,12.0,0.75,38.32,51.093,0.235
0,Col d'Orcia Brunello di Montalcino  2017,14.5,5.0,308.17,61.634,0.235
0,Octomore 13.1 Single Malt,59.2,0.7,175.99,251.414,0.235
0,Anselmann Huxelrebe Beerenauslese 2012,10.0,0.375,15.99,42.64,0.235
0,Batasiolo Barbaresco 2019,14.0,0.75,44.70,59.6,0.235
0,Torres Jaime I,38.0,0.7,112.99,161.414,0.235
0,Dourakis Cassiopeia Romeiko Brut,12.5,0.75,39.83,53.107,0.235
0,Famille Dupont Pomme Captive,40.0,0.7,118.90,169.857,0.235
0,Mikkeller San Diego Barrel Series Beer Geek Viking Shake Imperial Stout tölkki,13.0,0.475,26.32,55.411,0.235
0,Luzon Dulce Sauvignon Blanc,12.0,0.5,25.63,51.26,0.234
0,Poças Fora da Série Acrobata 2021,12.5,0.75,39.99,53.32,0.234
0,Domaine Vial-Magnères Banyuls Grand Cru Cuvée André Magnères 2009,18.0,0.75,57.58,76.773,0.234
0,Muré Grand Millésime Crémant d'Alsace Extra Brut 2016,12.5,0.75,39.98,53.307,0.234
0,Wittmann Westhofener Riesling Trocken 2021,12.5,0.75,39.99,53.32,0.234
0,Corvers-Kauter Rüdesheimer Berg Schlossberg Riesling Trocken 2019,12.5,0.75,39.98,53.307,0.234
0,Monbazillac Cuvée du Château 2018,12.5,0.75,39.99,53.32,0.234
0,Jacquart Mosaïque Champagne Brut,12.5,0.75,40.00,53.333,0.234
0,Victoria Geisse Vintage Rosé Extra Brut 2022,12.0,0.75,38.42,51.227,0.234
0,Ca'del Bosco Cuvée Prestige 45 Edizione Franciacorta Extra Brut,12.5,0.75,39.98,53.307,0.234
0,Victoria Geisse Vintage Extra Brut 2022,12.0,0.75,38.42,51.227,0.234
0,Autréau de Champillon Premier Cru Champagne Brut,12.5,0.75,39.99,53.32,0.234
0,Elisabetta Abrami Franciacorta Brut 2020,12.5,0.75,40.07,53.427,0.234
0,Corvers-Kauter Rüdesheimer Berg Rottland Riesling Trocken 2019,12.5,0.75,39.98,53.307,0.234
0,Henri Milan Le Papillon Blanc 2018,12.5,0.75,40.00,53.333,0.234
0,St. Stephan's Crown Tokaji Aszú 5 Puttonyos 2014,11.0,0.5,23.49,46.98,0.234
0,Ökonomierat Rebholz Vom Muschelkalk Riesling Trocken 2021,12.5,0.75,39.99,53.32,0.234
0,Talbott Sleepy Hollow Vineyard Chardonnay 2019,14.0,0.75,44.98,59.973,0.233
0,Essenze Barolo di Barolo 2015,14.0,0.75,44.98,59.973,0.233
0,Chateau de Jau Sparkling Jau,5.5,0.75,17.68,23.573,0.233
0,Vermutti Original Formula,14.7,0.5,31.49,62.98,0.233
0,Ferrer Bobet 2018,14.0,0.75,44.99,59.987,0.233
0,Sixto Uncovered Chardonnay 2017,14.0,0.75,44.98,59.973,0.233
0,Talbott Sleepy Hollow Vineyard Pinot Noir 2016,14.0,0.75,44.98,59.973,0.233
0,Ferrari Brut,12.5,0.375,20.15,53.733,0.233
0,Glenfiddich 18 Year Old Single Malt,40.0,0.7,120.00,171.429,0.233
0,Le Marquis de Calon Ségur 2018,15.0,0.75,48.30,64.4,0.233
0,Veronese Beatrice Lampasso Amarone della Valpolicella 2017,15.5,0.75,49.91,66.547,0.233
0,Artemis Karamolegos 34 2021,14.0,0.75,44.98,59.973,0.233
0,Masi Angelorum Recioto Classico 2018,14.0,0.375,22.50,60.0,0.233
0,Louis Massing Grand Cru Mineralis Blanc de Blancs Champagne Brut Nature,12.5,0.375,20.14,53.707,0.233
0,Fabio Oberto Barolo 2017,14.5,0.75,46.62,62.16,0.233
0,Alibernet 2016,14.5,0.75,46.73,62.307,0.233
0,Herout Cuvée Tradition Brut 2020,5.0,0.75,16.16,21.547,0.232
0,Roggio del Filare 2019,14.5,0.75,46.95,62.6,0.232
0,Chimay Grande Reserve Oak Aged Calvados 2023,10.5,0.375,16.96,45.227,0.232
0,Mendel Unus 2020,14.5,0.75,46.89,62.52,0.232
0,Glenmorangie Extremely Rare 18 Year Old Single Malt,43.0,0.7,129.89,185.557,0.232
0,Borgo Maragliano La Caliera Moscato d'Asti 2022,6.0,0.375,9.68,25.813,0.232
0,Xavier Châteauneuf-du-Pape Blanc 2020,14.0,0.75,45.37,60.493,0.231
0,Château de Maligny Chablis 1er Cru L'Homme Mort 2022,12.5,0.75,40.55,54.067,0.231
0,M. Chapoutier Châteauneuf-du-Pape Facelie La Collection Bio 2020,14.5,0.75,46.99,62.653,0.231
0,Domaine du Haut Bourg Muscadet Côtes de Grandlieu Origine 2013,12.0,0.75,38.98,51.973,0.231
0,BrewDog Overworks x To Øl Sweet Disposition,4.9,0.33,7.01,21.242,0.231
0,Jean-Luc Pasquet Le Cognac de Noel,46.4,0.5,100.27,200.54,0.231
0,Zeltinger Sonnenuhr Spätlese Riesling 2020,11.5,0.75,37.28,49.707,0.231
0,Paresseux Rose 2021,12.5,0.35,18.90,54.0,0.231
0,Grosset Springvale Riesling 2022,12.9,0.75,41.99,55.987,0.23
0,Creation Sumac Grenache 2015,15.0,0.75,48.98,65.307,0.23
0,Chateau Maucoil Chateauneuf-du-Pape Tradition Magnum 2020,15.0,1.5,98.00,65.333,0.23
0,Kukkula Aatto 2016,15.0,0.75,48.87,65.16,0.23
0,The Glenlivet 18 Year Old Single Malt,40.0,0.7,121.99,174.271,0.23
0,That Boutique-y Whisky Company Williamson 6 Year Old Single Malt,46.0,0.2,40.00,200.0,0.23
0,Chateau Maucoil Chateauneuf-du-Pape Tradition 2020,15.0,0.75,49.00,65.333,0.23
0,Octomore 13.2 Single Malt,58.3,0.7,178.00,254.286,0.229
0,Caves d'Esclans Rock Angel Côtes de Provence Rosé 2021,13.5,0.75,44.29,59.053,0.229
0,Octomore 14.1 Single Malt,59.6,0.7,182.00,260.0,0.229
0,Chateau Fuissé Pouilly-Fuisse Tete de Cru 2020,13.5,0.75,44.17,58.893,0.229
0,Les 3 Cellier Châteauneuf du Pape Insolente 2022,14.0,0.75,45.81,61.08,0.229
0,Mossi 1558 Rosamata,14.0,0.5,30.53,61.06,0.229
0,Château Laforge 2018,15.0,0.75,49.15,65.533,0.229
0,Château Pomone 2012,12.5,0.75,40.99,54.653,0.229
0,Chäteau Des Bachelards Fleurie 2018,13.5,0.75,44.33,59.107,0.228
0,Dr H. Thanisch Bernkasteler Lay Riesling GG 2021,12.0,0.75,39.49,52.653,0.228
0,Baron-Fuenté Grande Réserve Champagne Brut,12.5,0.375,20.60,54.933,0.228
0,Kukkula Vaalea 2017,14.0,0.75,45.98,61.307,0.228
0,Torii Mor Chardonnay 2018,14.0,0.75,45.98,61.307,0.228
0,Batasiolo Barolo 2018,14.5,0.75,47.80,63.733,0.228
0,Gonzalez Byass Apostoles Palo Cortado Pedro Ximénez Sherry,20.0,0.375,32.99,87.973,0.227
0,Porto Messias 20 Anos,20.0,0.375,32.99,87.973,0.227
0,Campillo 57 Gran Reserva 2013,14.5,0.75,47.90,63.867,0.227
0,Shabo Saperavi Grande Reserve 2016,13.0,0.75,42.99,57.32,0.227
0,Herdade de São Miguel Pé de Mãe 2017,13.0,0.75,42.99,57.32,0.227
0,Terre Nere Feudo di Mezzo 2021,14.5,0.75,47.99,63.987,0.227
0,Enrico Serafino Sanavento Barbaresco 2018,14.5,0.75,47.99,63.987,0.227
0,Camille Giroud Mercurey Premier Cru Clos Voyens 2019,14.0,0.75,46.35,61.8,0.227
0,Pasqua Amarone della Valpolicella Cascina San Vincenzo 2017,15.0,0.75,49.66,66.213,0.227
0,Louis M. Martini Napa Valley Cabernet Sauvignon 2018,15.0,0.75,49.62,66.16,0.227
0,De Castellane Champagne Brut,12.0,0.75,39.87,53.16,0.226
0,Le Calendre Amarone della Valpolicella Classico 2018,16.0,0.75,53.13,70.84,0.226
0,Gratiot-Pillière Tradition Champagne Brut,12.0,0.75,39.89,53.187,0.226
0,Manuel Formigo Cholo 2018,12.0,0.75,39.89,53.187,0.226
0,Raventós i Blanc De La Finca Brut Nature 2019,12.0,0.75,39.89,53.187,0.226
0,Paolo Scavino Barolo 2017,15.0,0.75,49.79,66.387,0.226
0,Orin Swift Blank Stare Sauvignon Blanc 2019,15.5,0.75,51.50,68.667,0.226
0,Redoma Tinto 2020,12.0,0.75,39.89,53.187,0.226
0,Iuli Barat Bianco,10.5,0.75,34.89,46.52,0.226
0,Gratiot Pilliére Tradition Champagne Extra Brut,12.0,0.75,39.89,53.187,0.226
0,Tenute del Cabreo La Pietra 2018,13.5,0.75,44.89,59.853,0.226
0,Gonzalez Byass Matusalem Oloroso Sherry,20.5,0.375,33.98,90.613,0.226
0,Pinot Noir Rood Vogelsanck 2017,13.5,0.75,44.89,59.853,0.226
0,Nederburg Auction Reserve Private Bin R172 Pinotage 2011,13.5,0.75,44.89,59.853,0.226
0,Boon Oude Schaarbeekse Kriek,6.0,0.375,10.01,26.693,0.225
0,Prunotto Costamiòle Barbera d'Asti Superiore Nizza 2008,13.5,0.75,44.99,59.987,0.225
0,Soerlie Extra,40.0,0.5,89.00,178.0,0.225
0,Beaumont des Crayères Grande Réserve Champagne Brut,12.0,0.75,39.95,53.267,0.225
0,G.H. Martel & Co Champagne Doux,12.0,0.75,39.98,53.307,0.225
0,Creation Reserve Pinot Noir 2019,13.5,0.75,44.98,59.973,0.225
0,Masi Costasera Amarone Classico 2017,15.0,0.375,24.99,66.64,0.225
0,André Clouet Grande Reserve Blanc de Noirs Magnum Champagne Brut,12.0,1.5,79.89,53.26,0.225
0,Balfour Leslie’s Reserve Dry,12.0,0.75,39.98,53.307,0.225
0,Akarua Pinot Noir 2021,13.5,0.75,45.00,60.0,0.225
0,Dourakis Impromptu Mandilari 2014,12.5,0.75,41.59,55.453,0.225
0,Montaudon Réserve Première Champagne Brut,12.0,0.75,39.99,53.32,0.225
0,Castaño Casa de la Cera 2014,15.0,0.75,49.91,66.547,0.225
0,Raymond Family Classic Cabernet Sauvignon 2016,13.5,0.75,44.98,59.973,0.225
0,Alexandre Penet Champagne Extra Brut,12.0,0.375,19.99,53.307,0.225
0,Ridgeview Bloomsbury Brut,12.0,0.75,39.99,53.32,0.225
0,Vina Tondonia Reserva Red 2011,13.0,0.75,43.38,57.84,0.225
0,Quinta do Crasto Reserva Old Vines Magnum 2020,14.5,1.5,96.60,64.4,0.225
0,Saint-Joseph Les 3 Cellier Le Centier des Terroirs 2021,13.0,0.75,43.40,57.867,0.225
0,Gusbourne Reserve Brut  2019,12.0,0.75,39.98,53.307,0.225
0,Lambiek Fabriek Oude Kriek Schar-Elle,6.2,0.75,20.66,27.547,0.225
0,André Clouet Silver Champagne Brut Nature,12.0,0.75,39.98,53.307,0.225
0,Harrow & Hope Rosé Brut,12.0,0.75,39.99,53.32,0.225
0,Balfour Rose Brut 2017,12.0,0.75,39.98,53.307,0.225
0,Prunotto Barbaresco 2020,13.5,0.75,44.98,59.973,0.225
0,Domaine la Boutiniere Grande Reserve Rouge Chateauneuf du Pape 2020,15.0,0.75,49.91,66.547,0.225
0,United Gypsies Pastry Ballerina tölkki,4.0,0.33,5.90,17.879,0.224
0,Graeme & Julie Bott Saint-Joseph Blanc 2021,12.5,0.75,41.89,55.853,0.224
0,Xavier Châteauneuf-du-Pape 2020,15.0,0.75,50.32,67.093,0.224
0,Kolin Panimo Carelia Cider,5.2,0.33,7.69,23.303,0.223
0,Kolin Panimo Carelia Cider Dry,5.2,0.33,7.69,23.303,0.223
0,Richardot Rosé Champagne Demi-Sec,12.0,0.75,40.29,53.72,0.223
0,Ixsir Grande Réserve White 2017,13.5,0.75,45.49,60.653,0.223
0,Charles de Cazanove Rosé Champagne Brut,12.0,0.375,20.14,53.707,0.223
0,Monti Barolo 2011,15.0,0.75,50.42,67.227,0.223
0,Quinta do Crasto Old Vines Reserva 2020,14.5,0.75,48.80,65.067,0.223
0,Pato & Wouters Nossa Calcário Baga 2019,12.5,0.75,41.95,55.933,0.223
0,Antech Blanquette Méthode Ancestrale Fruité Doux,6.5,0.75,21.90,29.2,0.223
0,Elgin Ridge Chaos White 2018,14.0,0.5,31.40,62.8,0.223
0,Château d'Arche 2015,13.5,0.375,22.72,60.587,0.223
0,Jean Loron Les Vieux Murs Pouilly-Fuissé 2021,13.0,0.75,43.93,58.573,0.222
0,Baron M Jardin d'Amour Methusalem 2021,13.0,6.0,351.21,58.535,0.222
0,Lindemans Oude Gueuze Cuvee Francisca,8.0,0.75,27.07,36.093,0.222
0,Hatzidakis Mavrotragano 2017,15.0,0.75,50.61,67.48,0.222
0,Cloudy Bay Pinot Noir 2020,13.5,0.75,45.70,60.933,0.222
0,Canella Bellini,5.0,0.2,4.50,22.5,0.222
0,Dreissigacker Bechtheimer Organic Riesling 2018,13.0,0.75,43.89,58.52,0.222
0,Juan Gil Monastrell Dulce 2014,13.0,0.375,21.93,58.48,0.222
0,Tuori Spirit of Honey,40.2,0.5,90.92,181.84,0.221
0,Quinta do Crasto Reserva Old Vines Mathusalem 2017,14.0,6.0,380.50,63.417,0.221
0,Pascal Bouchard Chablis Premier Cru Fourchaume Bio 2020,13.5,0.75,45.85,61.133,0.221
0,The Kurayoshi Pure Malt 12 Years Old,43.0,0.7,135.94,194.2,0.221
0,Dupont 15 Ans Calvados,42.0,0.5,95.00,190.0,0.221
0,Recaredo Terrers Corpinnat Brut Nature 2018,11.5,0.75,38.95,51.933,0.221
0,Ontañón Gran Reserva 2011,13.5,0.75,45.95,61.267,0.22
0,Aperol,11.0,3.0,149.80,49.933,0.22
0,Hattingley Valley Classic Reserve Brut,12.0,0.75,41.00,54.667,0.22
0,Moss Wood Margaret River Pinot Noir 2020,14.0,0.75,47.78,63.707,0.22
0,The Macallan Double Cask 15 Year Old Single Malt,43.0,0.7,136.65,195.214,0.22
0,Dautel FreiSinn Trocken 2016,13.0,0.75,44.49,59.32,0.219
0,Ferrari Magnum Brut,12.5,1.5,85.61,57.073,0.219
0,Penfolds Bin 138 Shiraz Grenache Mataro 2019,14.5,0.75,49.70,66.267,0.219
0,Volpe Pasini Focus Zuc di Volpe 2015,14.0,0.75,47.98,63.973,0.219
0,La Chouette de Champillon Premier Cru Rosé Champagne Brut,12.5,0.75,42.89,57.187,0.219
0,FJ Regnery Klüsserather Bruderschaf GG Riesling 2020,12.5,0.75,42.80,57.067,0.219
0,Baron-Fuenté Quinconce Blanc de Blancs Champagne Brut,12.5,0.75,42.89,57.187,0.219
0,Viña Pedrosa Reserva 2018,14.5,0.75,49.75,66.333,0.219
0,Kanavan Lehti Nokkossour,4.7,0.33,7.07,21.424,0.219
0,J de Villebois Sancerre Silex 2022,12.5,0.75,42.90,57.2,0.219
0,Teo Costa Lancaia Barbaresco 2020,14.5,0.75,49.60,66.133,0.219
0,The Singleton of Glen Ord 15 Year Old Special Release 2022 Single Malt,54.2,0.7,174.29,248.986,0.218
0,Maison Sinnae Auriola Châteauneuf-du-Pape 2020,14.5,0.75,49.91,66.547,0.218
0,Cantina Girlan Trattmann Pinot Noir Riserva 2020,14.5,0.75,49.90,66.533,0.218
0,Col d'Orcia Brunello di Montalcino  2018,14.5,3.0,199.70,66.567,0.218
0,Giuseppe Nada Barbaresco Casot 2019,14.5,0.75,49.90,66.533,0.218
0,Terrazas de los Andes Grand Malbec 2018,14.5,0.75,49.98,66.64,0.218
0,Alvaro Palacios Gratallops Vi de Vila 2019,14.5,0.75,49.99,66.653,0.218
0,Boekenhoutskloof Stellenbosch Cabernet Sauvignon 2019,14.5,0.75,49.98,66.64,0.218
0,San Román 2019,14.5,0.75,49.91,66.547,0.218
0,Merryvale Carneros Pinot Noir 2018,14.5,0.75,49.81,66.413,0.218
0,Terre Nere Etna Rosso Moganazzi 2021,14.5,0.75,49.99,66.653,0.218
0,Terre Nere Etna Rosso Santo Spirito 2021,14.5,0.75,49.99,66.653,0.218
0,Marchese Antinori Chianti Classico Riserva 2020,14.0,0.75,48.20,64.267,0.218
0,Penfolds Bin 138 Shiraz Grenache Mataro 2020,14.5,0.75,49.99,66.653,0.218
0,Moretti Omero Montefalco Sagrantino 2017,14.5,0.75,49.93,66.573,0.218
0,Roberto Sarotto Barbaresco Riserva Magnum 2001,14.5,1.5,99.90,66.6,0.218
0,Penfolds Bin 21 Barossa Valley Grenache 2022,14.5,0.75,49.99,66.653,0.218
0,Tenute Sella Lessona San Sebastiano Allo Zoppo 2012,13.5,0.75,46.64,62.187,0.217
0,Nederburg Two Centuries Sauvignon Blanc 2014,13.0,0.75,44.89,59.853,0.217
0,Gonet Sulcova Réserve Champagne Brut,12.5,0.75,43.29,57.72,0.217
0,G.H. Martel & Co Prestige Magnum Champagne Brut,12.0,1.5,83.00,55.333,0.217
0,Col d'Orcia Brunello di Montalcino Magnum 2018,14.5,1.5,100.63,67.087,0.216
0,Jean Collet & Fils Chablis 1er Cru Montmains 2019,12.5,0.75,43.49,57.987,0.216
0,Victoria Geisse Reserva Vintage Extra Brut 2021,12.0,0.75,41.71,55.613,0.216
0,Lagavulin 12 Year Old Special Release 2022 Single Malt,57.3,0.7,185.99,265.7,0.216
0,Bruno Rocca Fralu Nebbiolo Magnum 2020,14.5,1.5,100.63,67.087,0.216
0,Bründlmayer Reserve Rosé Brut,11.5,0.75,39.98,53.307,0.216
0,Filippo Manetti Campiume 2017,12.5,0.75,43.40,57.867,0.216
0,Moric Reserve 2017,13.0,0.75,45.12,60.16,0.216
0,Villa Poggio Salvi Brunello di Montalcino 2018,13.5,0.75,46.90,62.533,0.216
0,Bottega Rose Gold Brut Magnifico Glass Giftpack,11.5,0.75,39.98,53.307,0.216
0,Moric Reserve 2016,13.0,0.75,45.21,60.28,0.216
0,Octomore 14.2 Single Malt,57.7,0.7,186.99,267.129,0.216
0,Fèlsina Rancia Chianti Classico Riserva 2013,14.5,0.75,50.28,67.04,0.216
0,Fontanafredda Barolo Serralunga d'Alba 2017,13.5,0.75,46.98,62.64,0.216
0,Caparsa Doccio a Matteo Chianti Classico Riserva 2015,13.5,0.75,46.99,62.653,0.215
0,Nihonbashi Nigori Sake,15.5,0.3,21.65,72.167,0.215
0,Alexander vs The Ham Factory 2018,14.0,0.75,48.89,65.187,0.215
0,Diplomático Single Vintage 2007,43.0,0.7,140.98,201.4,0.214
0,Boon Oude Geuze VAT 108 bis,8.0,0.375,14.02,37.387,0.214
0,Lyrarakis Liastos 2017,11.5,0.375,20.15,53.733,0.214
0,Penfolds BIN 51 Riesling 2018,12.0,0.75,41.98,55.973,0.214
0,La Soufrandiere Cuvee La Combe Desroches 2021,12.0,0.75,41.99,55.987,0.214
0,Bersano Brachetto d'Acqui Castelgaro 2022,6.0,0.5,13.99,27.98,0.214
0,Roland Grangier Condrieu 2020,13.0,0.75,45.61,60.813,0.214
0,Nehrer Sauvignon Blanc Privat 2021,13.5,0.75,47.37,63.16,0.214
0,Orenda Riesling 2020,13.5,0.75,47.62,63.493,0.213
0,Patricius Tokaj Katinka Noble Late Harvest 2021,12.5,0.375,21.98,58.613,0.213
0,Corte Rugolin Amarone Crosara de le Strie 2016,16.0,0.75,56.44,75.253,0.213
0,Monnet XO Flamboyant,40.0,0.7,131.49,187.843,0.213
0,Le Bullet Piaf Champagne Brut,12.5,0.375,21.99,58.64,0.213
0,Palmento Costanzo Contrada Santo Spirito Etna Rosso Particella n. 468 2016,14.0,0.75,49.30,65.733,0.213
0,Hey French You Could Have Made This But You Didn’t,13.0,0.75,45.87,61.16,0.213
0,Hardy Noces d'Argent,40.0,0.2,37.48,187.4,0.213
0,Kukkula Sisu 2017,15.0,0.75,52.87,70.493,0.213
0,L'Omena Apple Spirit,40.0,0.5,94.14,188.28,0.212
0,Col d'Orcia Brunello di Montalcino  2016,14.5,9.0,615.61,68.401,0.212
0,Soufrandiere Pouilly-Vinzelles 2021,13.0,0.75,45.98,61.307,0.212
0,Chateau de Montifaud Napoléon Ariane,40.0,0.7,132.38,189.114,0.212
0,Granbazán Limousin Albariño,13.0,0.75,46.00,61.333,0.212
0,Dr. Pauly-Bergweiler Wehlener Sonnenuhr Riesling GG 2017,13.0,0.75,45.90,61.2,0.212
0,Cossy Cuvee Eclat Champagne Brut,12.0,0.75,42.36,56.48,0.212
0,Nøgne Ø Dark Horizon 8 Sherry Edition 2023,16.0,0.33,24.89,75.424,0.212
0,Nøgne Ø Dark Horizon 8 Whisky Edition 2023,16.0,0.33,24.89,75.424,0.212
0,Clemens Busch Pünderich Riesling 2022,7.5,0.75,26.50,35.333,0.212
0,Dr. Pauly-Bergweiler Erdener Prälat Riesling GG 2020,13.0,0.75,45.90,61.2,0.212
0,The Benriach 16 Year Old Single Malt,43.0,0.7,142.98,204.257,0.211
0,David Sterza Amarone della Valpolicella Classico 2018,16.0,0.75,56.98,75.973,0.211
0,Tenuta Campo Al Mare Gallico Petit Verdot 2019,15.5,0.75,55.00,73.333,0.211
0,Caroline Parent Bourgogne Pinot Noir 2020,14.0,0.75,49.84,66.453,0.211
0,Winzerverein Deidesheim Grainhübel Riesling Auslese 2015,9.0,0.375,16.00,42.667,0.211
0,Fritz Haag Brauneberger Juffer Riesling Kabinett 2022,8.0,0.75,28.50,38.0,0.211
0,Pardas Collita Roja 2016,13.0,0.75,46.52,62.027,0.21
0,Casa Emma Chianti Classico Gran Selezione 2018,14.0,0.75,49.99,66.653,0.21
0,Camille Giroud Ladoix Blanc 2018,13.0,0.75,46.35,61.8,0.21
0,Apeca Euforia Brut 2019,12.0,0.75,42.87,57.16,0.21
0,Sichel Sauternes 2020,14.0,0.375,24.97,66.587,0.21
0,Château Clarke 2016,14.0,0.375,24.98,66.613,0.21
0,6.12. Independence Day 15 Y Port Charlotte Single Malt,50.0,0.7,166.39,237.7,0.21
0,Cap Maritime Pinot Noir 2019,14.0,0.75,49.98,66.64,0.21
0,Guado al Melo Atis 2018,14.0,0.75,49.93,66.573,0.21
0,Christophe Pichon Allégorie 2020,14.0,0.75,49.90,66.533,0.21
0,Comando G Rozas Primer 2020,14.0,0.75,49.99,66.653,0.21
0,Château La Fleur-Pourret 2014,13.5,0.75,48.28,64.373,0.21
0,Pradorey Elite 2019,14.0,0.75,49.98,66.64,0.21
0,Château Haut-Goujon Cuvée Liberté 2020,15.0,0.75,53.68,71.573,0.21
0,Chateau Musar White 2016,12.0,0.75,42.90,57.2,0.21
0,Parés Baltà Electio Xarel-lo 2016,12.5,0.75,44.89,59.853,0.209
0,Fruktstereo Pulp 2018,5.5,0.75,19.76,26.347,0.209
0,Paul Dangin Cuvée Carte Blanche Champagne Brut,12.0,0.75,43.00,57.333,0.209
0,Cocchi Alta Langa Blanc`d Blanc Brut 2017,12.5,0.75,44.82,59.76,0.209
0,Paul-Marie Bertrand Champagne Rosé Brut,12.5,0.75,44.86,59.813,0.209
0,FJ Regnery Klüsserather Bruderschaft GG Pinot Noir 2019,13.5,0.75,48.38,64.507,0.209
0,Ardbeg Heavy Vapours Single Malt,46.0,0.7,154.39,220.557,0.209
0,Moric Jagini Zagersdorf 2013,14.0,0.75,50.12,66.827,0.209
0,Tenute Sella Bramaterra I Porfidi 2011,13.0,0.75,46.64,62.187,0.209
0,Thornbridge Pachamama Brown Ale,10.0,0.375,17.93,47.813,0.209
0,Massolino Barolo 2019,14.5,0.75,51.98,69.307,0.209
0,Rupert & Rothschild Vignerons Baron Edmond 2017,14.0,0.75,50.22,66.96,0.209
0,Octomore 10.4 Single Malt,63.5,0.7,213.34,304.771,0.208
0,Lindemans Kriek,3.5,0.25,4.20,16.8,0.208
0,Brocard Chablis 1er Cru Montée de Tonnerre 2022,13.0,0.75,46.98,62.64,0.208
0,Koppitsch Perspektiv Rot 2020,10.0,0.75,36.05,48.067,0.208
0,Ainoa Sametti 2019,13.0,0.375,23.49,62.64,0.208
0,Granbazán Don Álvaro de Bazán Albariño 2019,13.5,0.75,49.00,65.333,0.207
0,Le Dragon de Quintus 2015,15.0,0.75,54.26,72.347,0.207
0,Rathfinny Classic Cuvée Brut 2018,12.0,0.75,43.50,58.0,0.207
0,Paul-Marie Bertrand Champagne Extra Dry,12.0,0.75,43.40,57.867,0.207
0,Latium Morini Leon Amarone Della Valpolicella 2018,16.5,0.75,59.75,79.667,0.207
0,Rene Collet Champagne Nord-Sud Brut,12.5,0.75,45.31,60.413,0.207
0,Genys Sour Sour Berliner Weisse with Strawberries & Basil tölkki,3.5,0.44,7.44,16.909,0.207
0,Moric Reserve 2012,13.5,0.75,48.90,65.2,0.207
0,Saintes Pierres de Nalys Châteauneuf-du-Pape 2017,14.5,0.75,52.81,70.413,0.206
0,Nugan Cookoothama Botrytis Semillon 2020,11.0,0.375,19.99,53.307,0.206
0,Barmes-Buecher Riesling Grand Cru Steingrubler 2021,13.5,0.75,49.10,65.467,0.206
0,Feiler-Artinger Beerenauslese 2021,12.0,0.375,21.89,58.373,0.206
0,Chateau de La Mulonniere a la faveur de l'Automne Coteaux du Layon Beaulieu 2015,11.5,0.375,20.89,55.707,0.206
0,Valduero Tierra Alta en 2 Maderas 2017,14.0,15.0,1021.84,68.123,0.206
0,Domaine Marcel Deiss Gruenspiel 2017,13.5,0.75,49.16,65.547,0.206
0,Orenda Balance 2018,15.0,0.75,54.51,72.68,0.206
0,Paul Blanck Gewurztraminer Furstentum Grand Cru Vieilles Vignes 2015,14.0,0.75,50.95,67.933,0.206
0,Cardhu 14 Year Old Special Release Single Malt,55.5,0.7,188.41,269.157,0.206
0,Compass Box Flaming Heart 2022 Blended Malt,48.9,0.7,167.08,238.686,0.205
0,Arnaldo Rivera Undicicomuni Barolo 2017,14.5,0.75,52.99,70.653,0.205
0,Penfolds Bin 51 Eden Valley Riesling 2022,11.5,0.75,41.98,55.973,0.205
0,Henschke Giles Pinot Noir 2019,13.5,0.75,49.31,65.747,0.205
0,Chapel Down Brut,12.0,0.75,43.98,58.64,0.205
0,Moutard Père & Fils Grande Cuvée Blanc de Noirs Champagne Brut,12.0,0.75,43.98,58.64,0.205
0,Mumm Cordon Rouge Champagne Brut,12.0,0.75,43.98,58.64,0.205
0,André Clouet Grande Réserve Blanc de Noirs Champagne Brut,12.0,0.375,21.90,58.4,0.205
0,Vollereaux Réserve Champagne Brut,12.0,0.75,43.80,58.4,0.205
0,Van Zellers & Co 20 Years Old Tawny Port,20.0,0.75,73.40,97.867,0.204
0,El Nido Clio 2020,16.0,0.75,58.88,78.507,0.204
0,Michel Laval Champagne Tradition Brut,12.5,0.75,45.90,61.2,0.204
0,Col d'Orcia Brunello di Montalcino 2018,14.5,0.75,53.26,71.013,0.204
0,Autréau de Champillon Blanc de Blancs Grand Cru Champagne Brut,12.5,0.75,45.98,61.307,0.204
0,Travaglini Gattinara Riserva 2018,13.5,0.75,49.89,66.52,0.203
0,Nino Negri Vigna Sassorosso Grumello 2019,13.5,0.75,49.90,66.533,0.203
0,Sattlerhof Ried Kranachberg Sauvignon Blanc 2019,13.5,0.75,49.99,66.653,0.203
0,Penfolds Bin 23 Pinot Noir 2022,13.5,0.75,49.99,66.653,0.203
0,Laurent Ponsot Cuvée des Peupliers 2019,13.5,0.75,49.93,66.573,0.203
0,Fluteau Cuvée Symbiose Millesime Champagne Brut 2014,12.0,0.75,44.32,59.093,0.203
0,Bruna Grimaldi Barolo Badarina 2019,14.5,0.75,53.50,71.333,0.203
0,Ornellaia Poggio alle Gazze dell’Ornellaia 2020,13.5,0.75,49.99,66.653,0.203
0,Paul Blanck Pinot Gris Wineck-Schlossberg Grand Cru 2017,13.5,0.75,49.79,66.387,0.203
0,Chateau Clarke 2006,13.5,0.75,49.95,66.6,0.203
0,Veronese Beatrice Chiacchierino Recioto Della Valpolicella 2020,14.0,0.5,34.44,68.88,0.203
0,Monte Del Frá Monastero Passito Bianco	 2016,13.5,0.375,24.97,66.587,0.203
0,Robert Mondavi Napa Valley Chardonnay 2018,13.5,0.75,49.89,66.52,0.203
0,Ten Minutes by Tractor Estate Chardonnay 2021,13.0,0.75,47.99,63.987,0.203
0,Robert Mondavi Napa Valley Pinot Noir 2019,13.5,0.75,49.99,66.653,0.203
0,Mure Clos Saint Landelin Riesling 2019,13.5,0.375,24.98,66.613,0.203
0,Zarate Balado Albariño 2021,13.5,0.75,49.99,66.653,0.203
0,Ca' del Brado Û baccabianca,7.9,0.375,14.69,39.173,0.202
0,Château de Maligny Chablis 1er Cru Fourchaume 2020,12.5,0.375,23.15,61.733,0.202
0,Lambiek Fabriek Jart-Elle Oude Kriek,6.0,0.375,11.14,29.707,0.202
0,Rodney Strong Russian River Valley Pinot Noir 2018,14.5,0.75,53.91,71.88,0.202
0,Mumm Champagne Le Demi-Sec,12.0,0.75,44.49,59.32,0.202
0,Scerscé Flammante Nebbiolo 2018,14.0,0.75,51.90,69.2,0.202
0,K The Deal Magnum 2017,15.0,1.5,111.49,74.327,0.202
0,Chapel Down English Rose Brut,12.0,0.75,44.49,59.32,0.202
0,Chateau Musar 2017,14.0,0.75,51.95,69.267,0.202
0,Sukula Barbera d´Alba Meriame 2017,14.5,0.75,53.92,71.893,0.202
0,Ungsteiner Nussriegel Riesling Erste Lage 2021,12.5,0.75,46.32,61.76,0.202
0,Ainoa Haave 2022,15.0,0.35,25.99,74.257,0.202
0,Moric Reserve 2014,13.0,0.75,48.62,64.827,0.201
0,Tommasi Fiorato Recioto della Valpolicella 2018,13.0,0.375,24.30,64.8,0.201
0,Tokaji Oremus Late Harvest 2020,11.0,0.5,27.42,54.84,0.201
0,Château La Croix Saint Vincent 2017,13.5,0.75,50.30,67.067,0.201
0,Artadi Valdegínes 2019,14.5,0.75,53.98,71.973,0.201
0,Huber Ried Berg Riesling Erste Lage 2020,13.0,0.75,48.80,65.067,0.2
0,Charles Mignon 1er Cru Premium Reserve Champagne Brut,12.0,0.375,22.48,59.947,0.2
0,Gusbourne Reserve Brut 2019,12.0,0.75,44.98,59.973,0.2
0,A. Bergere Origine Champagne Brut,12.0,0.75,44.98,59.973,0.2
0,Alta Alella Mirgin Opus Cava Brut Nature 2019,12.0,0.75,44.95,59.933,0.2
0,Mauro Cosecha 2021,14.5,0.75,54.34,72.453,0.2
0,Birichino Saint Georges Zinfandel 2019,14.0,0.75,52.40,69.867,0.2
0,Gratiot-Pillière Rosé Champagne Brut,12.0,0.75,44.98,59.973,0.2
0,The Dalmore 15 Year Old Single Malt,40.0,0.7,139.99,199.986,0.2
0,Attilio Ghisolfi Barolo Bussia 2015,14.5,0.75,54.60,72.8,0.199
0,2Naturkinder Weinschwärmer 2020,11.5,0.75,43.43,57.907,0.199
0,Simonnet-Febvre Chablis Premier Cru Mont de Milieu 2020,13.0,0.75,48.99,65.32,0.199
0,Golser Wein Beerenauslese,9.0,0.375,16.99,45.307,0.199
0,Ogier Châteauneuf-du-Pape Clos de l'Oratoire des Papes 2021,14.5,0.75,54.59,72.787,0.199
0,Pirkka Grand Prestige Champagne Brut,12.0,0.75,45.25,60.333,0.199
0,Dr. Bürklin-Wolf Wachenheimer Böhlig P.C. 2017,13.0,0.75,48.98,65.307,0.199
0,Georges Vesselle Grand Cru Champagne Brut,12.5,0.75,47.01,62.68,0.199
0,Hugel Grossi Laüe Pinot Noir 2013,13.0,0.75,48.90,65.2,0.199
0,Autréau de Champillon Réserve Grand Cru Champagne Brut,12.0,0.75,45.14,60.187,0.199
0,Angostura Orange Bitters,28.0,0.1,14.15,141.5,0.198
0,Joseph Drouhin Côte de Beaune Rouge 2019,13.0,0.375,24.65,65.733,0.198
0,Taylor's 20 Year Old Tawny Port,20.0,0.75,75.89,101.187,0.198
0,Koppitsch Perspektive Vintage 2017,11.5,0.75,43.53,58.04,0.198
0,Château Tour Sieujean 2014,13.0,0.75,49.27,65.693,0.198
0,Baricchi Jonny Gambato Frizzante,10.0,0.75,37.95,50.6,0.198
0,Terralsole Brunello di Montalcino 2015,14.5,0.75,54.95,73.267,0.198
0,Gini Camillo Gran Cuveé Brut 2010,12.0,0.75,45.42,60.56,0.198
0,Puklus Pincészet Tokaji Aszú 5 Puttonyos 2013,12.0,0.5,30.32,60.64,0.198
0,Banfi Brunello di Montalcino 2016,14.0,0.75,52.98,70.64,0.198
0,Tenute Silvio Nardi Brunello di Montalcino 2017,14.5,0.75,54.82,73.093,0.198
0,Appleaud,20.5,0.5,51.77,103.54,0.198
0,Penfolds Bin 128 Coonawarra Shiraz 2021,14.5,0.75,54.98,73.307,0.198
0,Ron Zacapa Centenario XO,40.0,0.7,141.98,202.829,0.197
0,Henschke Julius Riesling 2017,11.5,0.75,43.89,58.52,0.197
0,Bava Barolo di Castiglione Falletto 2014,13.5,0.75,51.49,68.653,0.197
0,Clos Henri Patience Late Harvest Sauvignon Blanc 2013,13.0,0.5,32.99,65.98,0.197
0,Teo Costa Barolo Monroj 2019,14.5,0.75,55.32,73.76,0.197
0,Chateau de Montifaud Reserve Special Little Millenium,40.0,0.2,40.65,203.25,0.197
0,Paul Blanck Riesling Furstentum Grand Cru 2019,13.0,0.75,49.79,66.387,0.196
0,Paul Blanck Riesling Schlossberg Grand Cru 2017,13.0,0.75,49.79,66.387,0.196
0,Valduero Crianza 2016,14.0,3.0,214.75,71.583,0.196
0,Pyynikin Expressions No 1 Longrow 1st Fill tölkki,11.5,0.33,19.40,58.788,0.196
0,Apeca BDN18 Brut 2018,12.5,0.75,47.81,63.747,0.196
0,Ainoa Havu 2021,5.0,0.7,17.82,25.457,0.196
0,Montaudon Blanc de Noirs Champagne Brut,12.0,0.75,45.98,61.307,0.196
0,Laurent Lequart Blanche d’Andésyne Champagne Extra Brut,12.0,0.75,45.90,61.2,0.196
0,Montaudon le Grande Rosé Champagne Brut,12.0,0.75,45.98,61.307,0.196
0,Tobermory 04 Oloroso Cask Matured Single Malt,55.9,0.7,199.99,285.7,0.196
0,Devaux Cœur des Bar Blanc de Noir Champagne Brut,12.0,0.75,45.90,61.2,0.196
0,Penfolds Bin 51 Eden Valley Riesling 2023,11.0,0.75,41.99,55.987,0.196
0,Laurent Ponsot Blanc Cuvée du Perce-Neige 2020,13.0,0.75,49.93,66.573,0.195
0,Château Montlabert Saint-Èmilion Grand Cru 2019,14.0,0.75,53.89,71.853,0.195
0,Baumann-Zirgel Riesling Vendanges Tardives 2015,14.0,0.5,35.90,71.8,0.195
0,Joseph Drouhin Côte de Beaune Blanc 2018,13.0,0.75,49.99,66.653,0.195
0,Müller-Catoir Bürgergarten Im Breumel GG Riesling Trocken 2019,13.0,0.75,49.98,66.64,0.195
0,LAN A Mano 2020,14.0,0.75,53.98,71.973,0.195
0,Rémi Leroy Champagne Brut Nature,12.5,0.75,47.99,63.987,0.195
0,Francois Mikulski Côte d'Or Chardonnay 2021,13.0,0.75,49.95,66.6,0.195
0,La Chouette de Champillon Grand Cru Réserve Champagne Brut,12.5,0.75,47.99,63.987,0.195
0,Jean Loron Les Vieux Murs Pouilly-Fuissé 2019,13.0,0.375,24.97,66.587,0.195
0,Siddùra Bèru Vermentino di Gallura Superiore 2016,14.0,0.75,53.79,71.72,0.195
0,Simonnet-Febvre Chablis 1er Cru Fourchaume 2020,13.0,0.375,24.98,66.613,0.195
0,Simonnet-Febvre Chablis Premier Cru Montée de Tonnerre 2017,13.0,0.75,49.95,66.6,0.195
0,TreRose Vin Santo di Montepulciano 2016,13.5,0.375,25.99,69.307,0.195
0,Pardas Hermós Brut Nature 2018,12.0,0.75,46.20,61.6,0.195
0,Bonnet Perle Rosée Champagne Brut,12.5,0.75,47.98,63.973,0.195
0,Benjamin De Rotschild & Vega Sicilia Macán Clásico 2019,14.0,0.75,53.89,71.853,0.195
0,Loimer Langenlois Dechant Pinot Noir 2015,13.0,0.75,49.99,66.653,0.195
0,Jean-Luc & Eric Burguet Bourgogne Les Pince Vin 2019,13.0,0.75,49.99,66.653,0.195
0,Ixsir Grande Réserve Red 2012,13.0,0.75,49.93,66.573,0.195
0,Torres Manso De Velasco 2019,14.0,0.75,53.98,71.973,0.195
0,Chamlija Nevi Sahsina Munhasir Sui Generis 2017,14.5,0.75,55.83,74.44,0.195
0,Chateau Clarke 2010,14.0,0.75,54.19,72.253,0.194
0,Domaine Marcel Deiss Engelgarten 2019,13.0,0.75,50.26,67.013,0.194
0,Clemente VII Vinsanto del Chianti Classico 2015,14.0,0.375,27.10,72.267,0.194
0,Dr H. Thanisch Pinot Noir 2016,13.0,0.75,50.26,67.013,0.194
0,Beringer Private Reserve Napa Valley Chardonnay 2021,15.5,0.75,59.89,79.853,0.194
0,Arizcuren Finca el Foro 2019,14.5,0.75,55.99,74.653,0.194
0,Joseph Perrier Cuvée Royale Magnum Champagne Brut,12.0,1.5,92.99,61.993,0.194
0,Substance Vineyard Collection Northridge Merlot Magnum 2016,15.5,1.5,120.00,80.0,0.194
0,To Øl Brewtrance,12.9,0.375,24.98,66.613,0.194
0,Koskenkorva Foraged Vodka,40.0,0.7,145.00,207.143,0.193
0,Sattlerhof Ried Pfarrweingarten Morillon 2015,13.5,0.75,52.49,69.987,0.193
0,Michel Laval A Boursault Champagne L’Extra Brut,12.5,0.75,48.50,64.667,0.193
0,Victoria Geisse Gran Reserva Vintage Extra Brut 2020,12.0,0.75,46.62,62.16,0.193
0,Schnaitmann Götzenberg GG Riesling Trocken 2018,13.0,0.75,50.62,67.493,0.193
0,Poggio al Tesoro Solosole Pagus Camilla Bolgheri Vermentino 2017,14.0,0.75,54.41,72.547,0.193
0,Chablis Grand Regnard 2022,12.5,0.75,48.85,65.133,0.192
0,La Unica,14.0,0.75,54.78,73.04,0.192
0,Domaine Belle Crozes-Hermitage Roche Blanche 2022,14.0,0.75,54.80,73.067,0.192
0,Ferghettina Satén Franciacorta Brut 2018,12.5,0.75,48.87,65.16,0.192
0,Vollereaux Blanc de Blancs Champagne Brut,12.0,0.75,46.90,62.533,0.192
0,Zarate Tras Da Viña Albariño 2020,12.0,0.75,46.95,62.6,0.192
0,Nicolas Feuillatte Réserve Exclusive Champagne Brut,12.0,0.75,46.98,62.64,0.192
0,Barone Pizzini Animante L.A. Franciacorta Dosaggio Zero,12.0,0.75,46.99,62.653,0.192
0,Cocchi Alta Langa Rösa Brut 2017,12.0,0.75,46.91,62.547,0.192
0,La Chouette de Champillon Champagne Brut Piccolo,12.5,0.2,12.99,64.95,0.192
0,J. Charpentier Blanc de Blancs Champagne Brut,12.0,0.75,46.89,62.52,0.192
0,Vitivinicola Fangareggi Bragher Spumante Brut,11.0,0.75,42.87,57.16,0.192
0,Clos Alkio Fam de Vida Cabernet Sauvignon 2020,15.0,0.75,58.89,78.52,0.191
0,Scarpa La Bogliona Barbera d´Asti Superiore 2016,14.0,0.75,54.89,73.187,0.191
0,Caro 2015,14.0,0.75,54.87,73.16,0.191
0,Prunotto Barolo 2019,13.5,0.75,52.99,70.653,0.191
0,Pol Couronne Rosé Champagne Brut,12.0,0.75,47.01,62.68,0.191
0,Valduero Reserva Tierra Alta de 2 cotas 2016,14.0,0.75,54.92,73.227,0.191
0,Loimer Langenlois Steinmassl Riesling Erste Lage 2015,14.0,0.75,54.90,73.2,0.191
0,Le Serre Nuove dell'Ornellaia 2021,14.5,0.75,56.90,75.867,0.191
0,Gil Family Estates Clar del Bosc 2020,15.0,0.75,58.87,78.493,0.191
0,Geoffroy Expression Magnum Champagne Brut,12.5,1.5,98.48,65.653,0.19
0,Elisabeth Cognac XO Extra,40.0,0.7,147.50,210.714,0.19
0,Arnaud Margaine Premier Cru Champagne Brut,12.5,0.75,49.22,65.627,0.19
0,Henners Brut,12.0,0.75,47.49,63.32,0.19
0,Arnaud Margaine Premier Cru Champagne Demi Sec,12.0,0.75,47.38,63.173,0.19
0,Guerrieri Rizzardi Villa Rizzardi Amarone della Valpolicella Classico Riserva 2016,16.5,0.75,64.99,86.653,0.19
0,Piper-Heidsieck Champagne Brut,12.0,0.75,47.35,63.133,0.19
0,Glenfarclas 105 for Suomi-Finland 1917-2022 Single Malt,60.0,0.7,222.35,317.643,0.189
0,André Clouet Rosé Champagne Brut Magnum,12.0,1.5,94.99,63.327,0.189
0,Villa di Capezzana Carmignano 10 Anni 2013,14.0,0.75,55.61,74.147,0.189
0,Domaine Tour Saint Michel Châteauneuf-du-Pape Feminessance 2019,16.0,0.75,63.63,84.84,0.189
0,Contratto For England Blanc de Noir Pas Dosé 2018,12.5,0.75,49.91,66.547,0.188
0,Gianni Gagliardo Barolo 2018,14.5,0.75,57.80,77.067,0.188
0,Paul Blanck Riesling Wineck-Schlossberg Grand Cru 2017,12.5,0.75,49.79,66.387,0.188
0,Borgogno Barolo 2019,14.0,0.75,55.90,74.533,0.188
0,Borgo Salcetino I Salci Gran Selezione 2016,14.5,0.75,57.75,77.0,0.188
0,La Bioca Barbaresco Riserva La Secondine 2016,15.0,0.75,59.75,79.667,0.188
0,Haton Cuvée Réserve Champagne Brut,12.5,0.75,49.93,66.573,0.188
0,Legras & Haas Chouilly Grand Cru Blanc de Blancs Champagne Brut,12.5,0.75,49.91,66.547,0.188
0,Schloss Lieser Brauneberger Juffer Riesling Kabinett 2021,8.5,0.75,34.00,45.333,0.188
0,Martha's 20 Years Old Tawny Port,20.0,0.75,79.90,106.533,0.188
0,Fritz Haag Brauneberger Juffer Spätlese Riesling 2022,8.0,0.75,31.98,42.64,0.188
0,Ten Minutes by Tractor Up the Hill Estate Pinot Noir 2021,12.5,0.75,49.99,66.653,0.188
0,Gonet Sulcova Rose Champagne Sec,12.5,0.75,49.86,66.48,0.188
0,Hattingley Valley Rosé Brut 2014,12.5,0.75,49.98,66.64,0.188
0,Michel Gonet Les 3 Terroirs Blanc de Blanc Champagne Extra Brut 2018,12.5,0.75,49.99,66.653,0.188
0,Tenuta Iuzzolini Paternum 2015,15.5,0.75,61.84,82.453,0.188
0,Coral Duero Las Parvas 2017,15.0,0.75,60.00,80.0,0.188
0,Numanthia 2018,15.0,0.75,59.88,79.84,0.188
0,Domaine du Vieux Lazaret Châteauneuf-du-Pape Cuvée Exceptionelle 2017,15.0,0.75,59.89,79.853,0.188
0,Louis Chenu Pere & Filles Savigny Vieilles Vignes 2021,12.5,0.75,49.95,66.6,0.188
0,Ca'del Bosco Cuvée Prestige Franciacorta Extra Brut,12.5,0.375,24.90,66.4,0.188
0,Marquis de Caussade Armagnac 1972,40.0,0.7,148.99,212.843,0.188
0,Rene Collet Rose Champagne Brut,12.5,0.75,49.93,66.573,0.188
0,Tribaut Schloesser Vallée de Brunet Blanc de Chardonnay Champagne Extra Brut,12.5,1.5,99.89,66.593,0.188
0,Escarpment Te Rehua Pinot Noir 2019,13.5,0.75,53.77,71.693,0.188
0,Courvoisier XO,40.0,0.7,149.12,213.029,0.188
0,Rene Collet Silex & Craie Chardonnay Champagne Extra Brut,12.5,0.75,49.93,66.573,0.188
0,Almondo Fosso della Rosa 2022,5.0,0.75,19.97,26.627,0.188
0,Andrea Oberto Barolo Albarella 2015,15.0,0.75,59.75,79.667,0.188
0,Joseph Perrier Organic Cuvée Royale Champagne Extra Brut,12.0,0.75,47.98,63.973,0.188
0,Montaudon Millésimé Champagne Brut 2015,12.0,0.75,47.99,63.987,0.188
0,Poças 30 Years Old Tawny,20.0,0.375,39.90,106.4,0.188
0,Lelarge-Pugeot Tradition 1er Cru Champagne Extra Brut 2017,12.5,0.75,50.00,66.667,0.187
0,Château Quinault L'Enclos 2018,14.0,0.75,56.22,74.96,0.187
0,Mortlach 13 Year Old Special Release 2021 Single Malt,55.9,0.7,209.42,299.171,0.187
0,Williams & Humbert Gran Duque de Alba Solera Gran Reserva Oro Brandy de Jerez,40.0,0.7,149.98,214.257,0.187
0,La Fiorita Brunello di Montalcino 2017,15.0,0.75,60.46,80.613,0.186
0,Ferrari Perlé Bianco Riserva Brut 2013,12.5,0.75,50.28,67.04,0.186
0,Camille Giroud Marsannay Longeroies 2020,14.0,0.75,56.49,75.32,0.186
0,Auvigue Pouilly-Fuissé Premier Cru Le Clos de Solutré 2021,13.0,0.75,52.49,69.987,0.186
0,Dalva Colheita 1999,20.0,0.75,80.63,107.507,0.186
0,Octomore 11.3 Single Malt,61.7,0.7,232.50,332.143,0.186
0,The Glenrothes 18 Year Old Single Malt,43.0,0.7,161.62,230.886,0.186
0,Ardbeg Anthology The Harpy's Tale 13 Year Old Single Malt,46.0,0.7,174.51,249.3,0.185
0,Fallet Dart Cuvée de Réserve Champagne Brut,12.5,0.75,50.56,67.413,0.185
0,Duckhorn Napa Valley Merlot 2019,14.5,0.75,58.80,78.4,0.185
0,Drappier Carte d'Or Champagne Brut,12.0,0.2,12.99,64.95,0.185
0,Tenuta La Fuga Brunello di Montalcino 2017,14.5,0.75,58.89,78.52,0.185
0,Moutard Père & Fils Grande Cuvée Blanc de Noirs Champagne Brut Magnum,12.0,1.5,97.49,64.993,0.185
0,Joseph Perrier Cuvée Royale Champagne Brut,12.0,0.2,12.99,64.95,0.185
0,Virna Barolo del Comune di Barolo 2012,14.0,0.75,56.90,75.867,0.185
0,Cabreo Il Borgo 2019,14.5,0.75,58.88,78.507,0.185
0,Ogier Châteauneuf-du-Pape Clos de l'Oratoire Blanc  2022,13.5,0.75,54.59,72.787,0.185
0,Fallet Dart Cuvée de Réserve Champagne Demi-Sec,12.5,0.75,50.56,67.413,0.185
0,Camille Giroud Ladoix Les Chaillots 2020,13.5,0.75,55.00,73.333,0.184
0,Reichsgraf von Kesselstatt Kasele Nies'chen Riesling Trocken GG 2017,12.0,0.75,48.90,65.2,0.184
0,Ployez-Jacquemart Champagne Extra Quality Brut,12.0,0.75,48.90,65.2,0.184
0,Hardy Noces d'Argent Fine Champagne,40.0,0.7,151.98,217.114,0.184
0,Brezza Cannubi Barolo 2016,14.5,0.75,58.98,78.64,0.184
0,Orenda Cabernet Sauvignon 2019,15.0,0.75,61.26,81.68,0.184
0,Knoll Loibenberg Grüner Veltliner Smaragd 2022,13.5,0.75,54.98,73.307,0.184
0,Domaine de l'Horizon Blanc 2017,13.0,0.75,52.86,70.48,0.184
0,Smakbyns Apelbrand,42.0,0.5,114.12,228.24,0.184
0,Janneau Vintage 1979 Armagnac,43.0,0.7,163.50,233.571,0.184
0,Ambriel Rosé Extra Dry 2015,11.5,0.75,46.89,62.52,0.184
0,Octomore 13.3 Single Malt,61.1,0.7,232.00,331.429,0.184
0,Rathfinny Rosé Brut 2018,12.0,0.75,49.00,65.333,0.184
0,Lindemans Apple Lambic,3.5,0.25,4.75,19.0,0.184
0,Orenda Malbec 2019,15.0,0.75,61.26,81.68,0.184
0,El Esteco Chañar Punco 2015,14.5,0.75,58.98,78.64,0.184
0,Moric Jagini Zagersdorf 2012,13.5,0.75,55.12,73.493,0.184
0,Viñedos de Sonsierra El Rincón de los Galos Viñedo Singular 2017,14.5,0.75,58.98,78.64,0.184
0,Geoffroy Expression Premier Cru Champagne Brut,12.0,0.75,49.22,65.627,0.183
0,E. Guigal Condrieu 2020,14.5,0.75,59.46,79.28,0.183
0,Deutz Champagne Demi-Sec,12.0,0.75,49.27,65.693,0.183
0,Tupinier-Bautista Mercurey Premier Cru En Sazenay Rouge 2021,13.5,0.75,55.33,73.773,0.183
0,Cocchi Vermouth di Torino,16.0,0.05,4.40,88.0,0.182
0,Dr. Wehrheim Kastanienbusch Köppel Riesling Trocken Grosses Gewächs 2018,13.5,0.75,55.75,74.333,0.182
0,Delavenne Grand Cru Champagne Original 60/40 Brut,12.5,0.75,51.39,68.52,0.182
0,Nicolas Feuillatte Réserve Exclusive Champagne Brut Magnum,12.0,1.5,98.99,65.993,0.182
0,Terre Nere San Lorenzo 2021,14.5,0.75,59.90,79.867,0.182
0,Errazuriz Don Maximiano Founders Reserve 2008,14.5,0.75,59.89,79.853,0.182
0,Rémi Leroy Champagne Rosé Brut,12.5,0.75,51.90,69.2,0.181
0,Oddero Barolo 2018,14.5,0.75,59.99,79.987,0.181
0,Alta Alella Dolç Mataró 2020,14.5,0.375,29.98,79.947,0.181
0,Christian Tschida Birdscape 2022,12.0,0.75,49.84,66.453,0.181
0,Teso La Monja Victorino 2019,14.5,0.75,60.00,80.0,0.181
0,Escarpment Kiwa Single Vineyard Pinot Noir 2018,13.0,0.75,53.76,71.68,0.181
0,G.H. Martel & Co Champagne Rosé Brut,12.0,0.375,24.90,66.4,0.181
0,Aalto 2021,14.5,0.75,59.98,79.973,0.181
0,Pertois-LeBrun L´Extravertie Blanc de Blancs Champagne Extra Brut,12.0,0.75,49.82,66.427,0.181
0,Château Gassier 946 Rosé 2021,13.0,0.75,53.98,71.973,0.181
0,Quinta de Porrais Reserva 2018,14.5,0.75,59.98,79.973,0.181
0,Quinta de S. José Grande Reserva 2019,14.5,0.75,59.95,79.933,0.181
0,Moccagatta Barbaresco Cole 2015,14.5,0.75,59.99,79.987,0.181
0,Christian Tschida Himmel Auf Erden Grande Cuvee 2022,11.5,0.75,47.54,63.387,0.181
0,Villa Maria Reserve Noble Riesling 2021,12.0,0.375,24.98,66.613,0.18
0,Michel Gonet Grand Cru Blanc de Blanc Champagne Zero Dosage,12.5,0.75,51.98,69.307,0.18
0,Kloster Eberbach Rüdesheimer Berg Schlossberg Spätburgunder GG 2018,12.5,0.75,51.98,69.307,0.18
0,Vve Fourny & Fils Blanc de Blancs Champagne Brut Nature,12.0,0.75,49.95,66.6,0.18
0,Bodegas Montecillo Viña Monty Reserva Viura Tempranillo Blanco 2016,12.5,0.75,51.99,69.32,0.18
0,Fleury Blanc de Noirs Champagne Brut,12.0,0.75,49.99,66.653,0.18
0,Ridgeview Fitzrovia Rosé Brut,12.0,0.75,49.99,66.653,0.18
0,Ainoa Kuningatar 2020,12.5,0.375,25.99,69.307,0.18
0,JM Sélèque Solessence Champagne Extra Brut,12.5,0.75,51.98,69.307,0.18
0,Francis Orban Vieilles Vignes Réserve Champagne Brut,12.0,0.75,49.89,66.52,0.18
0,Alexandre Penet Grand Cru Champagne Brut Nature,12.0,0.75,49.91,66.547,0.18
0,Mauro Molino Barolo Gallinotto 2019,14.0,0.75,58.40,77.867,0.18
0,Fallet Dart Champagne Rosé Brut,12.5,0.75,52.08,69.44,0.18
0,André Clouet Rosé Champagne Brut,12.0,0.75,49.90,66.533,0.18
0,Joseph Perrier Cuvée Royale Champagne Brut Nature Magnum,12.0,1.5,99.98,66.653,0.18
0,Francis Orban Rosé Champagne Brut,12.0,0.75,49.89,66.52,0.18
0,Loimer Langenlois Grosse Reserve Blanc de Blancs Brut Nature  2017,12.0,0.75,49.99,66.653,0.18
0,Nik Weis St. Urbanshof Saarfeilser GG 2017,12.0,0.75,49.89,66.52,0.18
0,André Clouet Chalky Champagne Brut,12.0,0.75,49.90,66.533,0.18
0,Nyetimber Classic Cuvee Brut,12.0,0.375,24.99,66.64,0.18
0,J. Charpentier Millésime Champagne Brut 2018,12.0,0.75,49.89,66.52,0.18
0,Fleury Fleur de l'Europe Champagne Brut Nature,12.0,0.75,49.98,66.64,0.18
0,Nyetimber Classic Cuvée Brut,12.0,0.75,49.99,66.653,0.18
0,Guy Charlemagne Champagne Brut Nature,12.0,0.75,50.15,66.867,0.179
0,Paul Blanck Pinot Noir F 2016,13.0,0.75,54.39,72.52,0.179
0,Octomore 14.3 Single Malt,61.4,0.7,239.99,342.843,0.179
0,Joly Prestige Blanc de Noir Millésime Lieu-dit les Joines Champagne Brut 2019,13.0,0.75,54.34,72.453,0.179
0,Heidsieck Monopole Blue Top Champagne Brut,12.5,0.2,13.98,69.9,0.179
0,Brinkhall's Eeva C.,12.0,0.375,25.10,66.933,0.179
0,Salmon Collection Meunier Champagne Brut,12.5,0.75,52.41,69.88,0.179
0,Vajra Moscato d'Asti 2022,5.5,0.375,11.50,30.667,0.179
0,Singleton Glendullan 19 Year Old Special Release 2021 Single Malt,54.6,0.7,214.44,306.343,0.178
0,Jean Loron Pouilly-Fuissé 1er Cru Au Vignerais 2021,13.0,0.75,54.92,73.227,0.178
0,Viñedos de Sonsierra El Manao Viñedo Singular 2018,14.0,0.75,58.98,78.64,0.178
0,Forget-Chemin Special Club Champagne Brut 2015,12.0,0.75,50.68,67.573,0.178
0,Vietti Barbera d'Asti La Crena 2020,14.0,0.75,58.89,78.52,0.178
0,Orenda Syrah 2019,14.5,0.75,61.26,81.68,0.178
0,Nittnaus Beerenauslese Rosé Exquisit 2021,9.0,0.375,19.11,50.96,0.177
0,Cardhu 16 Year Old Special Release 2022 Single Malt,58.0,0.7,229.26,327.514,0.177
0,A. Bergère Origine Champagne Brut,12.0,0.375,25.48,67.947,0.177
0,Drappier Champagne Brut Nature,12.0,0.75,50.90,67.867,0.177
0,Rathfinny Blanc de Blancs Brut 2017,12.0,0.75,50.90,67.867,0.177
0,Nittnaus Beerenauslese Exquisit 2021,9.0,0.375,19.11,50.96,0.177
0,Drappier Rosé de Saignée Champagne Brut,12.0,0.75,50.99,67.987,0.177
0,Baumann-Zirgel Gewurztraminer Vendanges Tardives 2018,13.5,0.5,38.22,76.44,0.177
0,Lanson Le Black Création Champagne Brut,12.5,0.75,52.98,70.64,0.177
0,Pierre Gimonnet Cuvée Cuis 1er Cru Blanc de Blancs Champagne Brut,12.5,0.75,52.90,70.533,0.177
0,Attilio Ghisolfi Barolo Bricco Visette 2017,14.0,0.75,59.81,79.747,0.176
0,Virginie de Valandraud 2018,15.0,0.75,63.96,85.28,0.176
0,Les 3 Cellier Privilège Châteauneuf du Pape 2019,15.0,0.75,63.90,85.2,0.176
0,Franco Conterno Barolo Panerole 2017,14.0,0.375,29.85,79.6,0.176
0,Grosset Polish Hill Riesling 2022,12.9,0.75,54.98,73.307,0.176
0,Ambriel Classic Cuvée,11.0,0.75,46.89,62.52,0.176
0,Domaine du Vieux Télégraphe Châteauneuf-du-Pape Piedlong 2019,14.5,0.75,61.84,82.453,0.176
0,Giacomo Fenocchio Barolo Bussia 2018,14.5,0.75,61.70,82.267,0.176
0,Maison Sinnae Les Corréges 2021,14.0,0.75,59.53,79.373,0.176
0,Dr. Pauly-Bergweiler Wehlener Sonnenuhr Riesling Auslese 2012,9.0,0.75,38.30,51.067,0.176
0,Piper-Heidsieck Champagne Brut Magnum,12.0,1.5,102.64,68.427,0.175
0,Chateau Musar 2016,14.0,0.375,29.99,79.973,0.175
0,Domaine Marguerite Carillon Pommard 2018,13.5,0.75,57.91,77.213,0.175
0,Pujanza S.J. Anteportalatina 2017,13.0,0.75,55.82,74.427,0.175
0,Clendenen Family Vineyards Le Bon Climat Second Coming Viognier 2016,14.0,0.75,59.98,79.973,0.175
0,Château Monbrison 2013,13.0,0.75,55.72,74.293,0.175
0,Domaine du Petit Métris Quarts de Chaume Grand Cru 2015,12.5,0.75,53.63,71.507,0.175
0,Cono Sur Ocio 2020,14.0,0.75,59.98,79.973,0.175
0,Ainoa Suven Taika 2020,13.0,0.35,25.98,74.229,0.175
0,Pannier Sélection Champagne Brut,12.0,0.375,25.78,68.747,0.175
0,Jean Michel Meunier Champagne Brut 2014,12.0,0.75,51.29,68.387,0.175
0,Lecomte Pere & Fils Cuvee Darling Champagne Brut,12.0,0.75,51.39,68.52,0.175
0,Brinkhall's Eeva M. 2016,14.0,0.375,30.07,80.187,0.175
0,Gaja Promis 2021,13.5,0.75,57.90,77.2,0.175
0,Christophe Pichon Côte-Rotie Promesse 2020,14.0,0.75,59.89,79.853,0.175
0,Château Galoupet Cru Classé de Provence Rosé 2022,14.0,0.75,59.84,79.787,0.175
0,Pian delle Vigne Brunello di Montalcino 2018,14.0,0.75,59.98,79.973,0.175
0,El Ixsir White 2016,14.0,0.75,59.93,79.907,0.175
0,Col di Lamo Brunello di Montalcino 2016,14.0,0.75,59.89,79.853,0.175
0,Château Clarke Baron Edmond de Rothschild 2009,14.0,0.75,59.88,79.84,0.175
0,Matthiasson Napa Valley Linda Vista Vineyard Chardonnay 2021,12.5,0.75,53.99,71.987,0.174
0,La Selvatica Asti Dolce,7.0,0.375,15.08,40.213,0.174
0,Chateau Musar Magnum 2012,14.5,1.5,124.99,83.327,0.174
0,Château Angludet 2018,13.5,0.75,58.12,77.493,0.174
0,Patricius Tokaj Aszú 5 Puttonyos  2017,11.5,0.5,32.98,65.96,0.174
0,Loriot-Pagel Carte D'or Champagne Brut,12.5,0.75,53.87,71.827,0.174
0,Bonnet-Ponson Perpétuelle Premier Cru Champagne Non Dosé,12.5,0.75,54.30,72.4,0.173
0,3 Fonteinen Cuvée Armand & Gaston Oude Geuze,7.6,0.375,16.51,44.027,0.173
0,Nicolas Feuillatte Réserve Exclusive Premier Cru Champagne Extra Brut,12.0,0.75,51.90,69.2,0.173
0,Gosset Champagne Extra-Brut,12.0,0.75,51.90,69.2,0.173
0,Pongrácz Desiderius Brut 2013,11.5,0.75,49.99,66.653,0.173
0,The Benriach 21 Year Old Single Malt,46.0,0.7,185.98,265.686,0.173
0,Tenute Sella Lessona Omaggio a Quintino Sella 2011,13.0,0.75,56.56,75.413,0.172
0,Georges Vesselle Grand Cru à Bouzy Champagne Brut Nature 2015,12.5,0.75,54.42,72.56,0.172
0,Delavenne Grand Cru L´île Champagne Demi-Sec,12.5,0.75,54.38,72.507,0.172
0,Chateau Musar Magnum 2015,14.0,1.5,121.98,81.32,0.172
0,Moss Primitivo di Manduria Riserva 2016,16.0,0.75,69.93,93.24,0.172
0,Ayala Majeur Champagne Brut,12.0,0.75,52.69,70.253,0.171
0,Lindemans Gingergueuze,6.0,0.75,26.26,35.013,0.171
0,Piombaia Brunello di Montalcino 2016,13.0,0.75,56.98,75.973,0.171
0,Bava Moscato d'Asti 2021,4.5,0.75,19.76,26.347,0.171
0,Gaston Chiquet Cuvée de Réserve Brut,12.5,0.75,54.98,73.307,0.171
0,Champagne Gaston Chiquet Tradition Premier Brut,12.5,0.75,54.87,73.16,0.171
0,Marion-Bosser Premier Cru Champagne Brut,12.5,0.75,54.98,73.307,0.171
0,Gonzalez Byass Noe Pedro Ximénez Sherry,15.5,0.375,33.98,90.613,0.171
0,Loriot-Pagel Champagne Brut Nature,12.5,0.75,54.98,73.307,0.171
0,Michel Laval Ut Prius Champagne Brut,12.5,0.75,54.75,73.0,0.171
0,Waris-Larmandier Racines de Trois Champagne Brut,12.5,0.75,54.87,73.16,0.171
0,Le Dragon De Quintus 2017,14.5,0.75,63.70,84.933,0.171
0,Fritz Haag Brauneberger Juffer Sonnenuhr Riesling Trocken GG 2020,12.5,0.75,54.98,73.307,0.171
0,Chateau Maucoil Privilege Chateauneuf-du-Pape 2017,15.5,0.75,68.00,90.667,0.171
0,Bonnet Grande Réserve Champagne Brut,12.5,0.375,27.48,73.28,0.171
0,Delas Chante Perdrix Cornas 2020,13.5,0.75,59.23,78.973,0.171
0,Leitz Berg Roseneck Rüdesheim Riesling 2019,13.0,0.75,57.39,76.52,0.17
0,Domaine Nowack Assemblage S. A. Champagne Extra-Brut,12.0,0.75,52.99,70.653,0.17
0,Brancaia Ilatraia 2020,14.5,0.75,63.98,85.307,0.17
0,Lombard Villedommange 1er Cru Lieu-dit Les Ribauds Champagne Extra Brut,12.5,0.75,55.04,73.387,0.17
0,Royal Salute 21 Year Old Signature Blend keraaminen pullo,40.0,0.7,164.99,235.7,0.17
0,Rathfinny Blanc de Noirs Brut 2018,12.0,0.75,52.90,70.533,0.17
0,Martell Cordon Bleu Extra Old,40.0,0.7,164.99,235.7,0.17
0,A.D. Coutelas Assemblage Rosé Champagne Brut,12.0,0.75,52.85,70.467,0.17
0,Orenda Cabernet Franc 2018,15.0,0.75,66.34,88.453,0.17
0,Camille Giroud Saint-Romain Sous le Château 2020,12.5,0.75,54.99,73.32,0.17
0,Leitz Berg Rosengarten Rüdesheim Riesling 2019,13.0,0.75,57.39,76.52,0.17
0,Loriot-Pagel Rosé Champagne Brut,12.5,0.75,55.07,73.427,0.17
0,Jacquart Rosé Champagne Brut,12.5,0.75,55.00,73.333,0.17
0,Gaston Chiquet Premier Cru Rosé Champagne Brut,12.5,0.75,55.09,73.453,0.17
0,Château de Fieuzal 2013,13.0,0.75,57.34,76.453,0.17
0,Alfred Gratien Champagne Brut,12.5,0.75,55.00,73.333,0.17
0,Torii Mor Deux Verres Reserve Pinot Noir 2021,13.0,0.75,57.25,76.333,0.17
0,Renault XO Carte d’Argent,40.0,0.7,164.99,235.7,0.17
0,Joseph Mellot Pouilly-Fumé Les Grands Edvins 2018,15.0,0.75,66.00,88.0,0.17
0,Deutz Classic Champagne Brut,12.0,0.75,52.97,70.627,0.17
0,Arpepe Sassella Stella Retica 2019,13.5,0.75,59.90,79.867,0.169
0,Brimoncourt Blanc de Blancs Champagne Brut,12.5,0.75,55.39,73.853,0.169
0,Hervieux-Dumez Réserve Premier Cru Champagne Brut,12.0,0.75,53.21,70.947,0.169
0,Guerrieri Rizzardi Recioto di Soave Classico 2020,14.0,0.375,30.98,82.613,0.169
0,Masi Riserva di Costasera Amarone Classico 2017,15.5,0.75,68.98,91.973,0.169
0,Château Belgrave Grand Cru 2015,13.5,0.75,59.98,79.973,0.169
0,Reyneke Reserve Red 2019,13.5,0.75,59.99,79.987,0.169
0,Marion-Bosser Premier Cru Champagne Extra Brut,12.5,0.75,55.57,74.093,0.169
0,Mazzei Castello Fonterutoli Chianti Classico Gran Selezione 2019,13.5,0.75,59.88,79.84,0.169
0,Busi Jacobsohn Single Estate Rosé Extra Brut 2018,12.0,0.75,53.39,71.187,0.169
0,Jean Luc Colombo Amour de Dieu Condrieu 2016,13.5,0.75,60.00,80.0,0.169
0,Clos Henri Patience Late Harvest 2019,13.0,0.375,28.93,77.147,0.169
0,Cloudy Bay Te Koko Sauvignon Blanc 2020,13.5,0.75,59.98,79.973,0.169
0,Tenuta San Guido Guidalberto 2021,13.5,0.75,59.75,79.667,0.169
0,Chapel Down Three Graces Brut 2017,12.0,0.75,53.30,71.067,0.169
0,Gran Faustino I Gran Reserva 2004,13.5,0.75,59.98,79.973,0.169
0,Bonnet Ponson Rosé Champagne Extra Brut,12.5,0.75,55.59,74.12,0.169
0,Baumann-Zirgel Vendanges Tardives Gewurtztraminer  2018,12.5,0.5,37.12,74.24,0.168
0,Ainoa Vaapukka 2020,12.5,0.35,25.98,74.229,0.168
0,Castello Romitorio Brunello di Montalcino 2017,14.5,0.75,64.90,86.533,0.168
0,Mastrojanni Brunello di Montalcino 2017,14.5,0.75,64.90,86.533,0.168
0,Marion-Bosser Premier Cru Rosé Champagne Brut,12.5,0.75,55.74,74.32,0.168
0,Karthäuserhof Eitelsbacher Karthäuserhofberg Riesling Trocken GG 2018,13.5,0.75,60.38,80.507,0.168
0,Canard-Duchêne P.181 Champagne Extra Brut,12.0,0.75,53.60,71.467,0.168
0,Laurent Lequart Héritière Champagne Extra Brut,12.0,0.75,53.57,71.427,0.168
0,Autréau Premier Cru Champagne Brut,12.5,0.2,14.89,74.45,0.168
0,G.D. Vajra Barolo Coste di Rose 2018,14.5,0.75,64.98,86.64,0.167
0,Huré Frères Invitation Champagne Brut,12.0,0.75,53.98,71.973,0.167
0,Marques de Murrieta Gran Reserva 2015,14.0,0.75,62.95,83.933,0.167
0,Canard-Duchêne Cuvée Léonie Rosé Champagne Brut,12.0,0.75,53.80,71.733,0.167
0,Alfred Gratien Rose Champagne Brut,12.5,0.75,55.99,74.653,0.167
0,Jiménez-Landi Ataulfos 2018,14.5,0.75,64.99,86.653,0.167
0,Argiano Solengo 2020,14.5,0.75,64.98,86.64,0.167
0,Artadi Quintanilla 2020,14.5,0.75,64.99,86.653,0.167
0,Gaston Chiquet Blanc de Blancs D'Aÿ Grand Cru Champagne Brut,12.5,0.75,55.99,74.653,0.167
0,Henriot Souverain Champagne Brut,12.0,0.75,53.89,71.853,0.167
0,Drappier Clarevallis Champagne Extra Brut,12.0,0.75,53.89,71.853,0.167
0,Torres Mas La Plana 2018,14.5,0.75,64.99,86.653,0.167
0,Drappier Blanc de Blancs Champagne Brut,12.0,0.75,53.98,71.973,0.167
0,Cesari Bosan Amarone della Valpolicella Riserva 2013,15.5,0.75,69.95,93.267,0.166
0,Pavillon de Léoville Poyferré 2016,13.0,0.75,58.72,78.293,0.166
0,Reviseur XO Single Estate Petite Champagne,40.0,0.7,169.00,241.429,0.166
0,Vietti Cascinetta Moscato d'Asti 2022,5.0,0.75,22.60,30.133,0.166
0,Banfi Poggio alle Mura Brunello di Montalcino 2017,15.5,0.75,69.98,93.307,0.166
0,Stephan Vineyards L'Aventure Optimus 2018,15.5,0.75,69.98,93.307,0.166
0,Lindemans Strawberry,3.5,0.25,5.28,21.12,0.166
0,Frank Cornelissen Munjebel Rosso 2021,12.5,0.75,56.47,75.293,0.166
0,Kukkula Kaamos 2019,15.5,0.75,69.98,93.307,0.166
0,Giuseppe Quintarelli Primofiore 2019,14.0,0.75,63.29,84.387,0.166
0,Dumangin L' Extra Premier Cru Champagne Brut,12.0,0.75,54.10,72.133,0.166
0,Foradori Morei 2021,12.5,0.75,56.60,75.467,0.166
0,Guy Charlemagne Grand Cru Blanc De Blancs Champagne Brut,12.0,0.75,54.30,72.4,0.166
0,Henriet-Bazin Premier Cru Blanc de Blancs Champagne Extra Brut,12.5,0.75,56.99,75.987,0.165
0,Nederburg Auction Reserve Private Bin R163 Cabernet Sauvignon 2013,14.5,0.75,65.89,87.853,0.165
0,Vigna Senza Nome 2022,5.5,0.375,12.49,33.307,0.165
0,Torii Mor Olson Estate Pinot Noir 2018,13.5,0.75,61.26,81.68,0.165
0,Nicolas Feuillatte Collection Organic Champagne Brut,12.0,0.75,54.48,72.64,0.165
0,Rivetto Barolo del Comune di Serralunga d'Alba 2018,14.5,0.75,65.99,87.987,0.165
0,Nicolas Feuillatte Réserve Exclusive Rosé Champagne Brut Sérigraphie,12.0,0.75,54.48,72.64,0.165
0,Pommery Royal Blue Sky Champagne Demi-Sec,12.5,0.75,56.99,75.987,0.165
0,Braida Brachetto d'Acqui 2022,5.5,0.375,12.49,33.307,0.165
0,Pintia 2018,15.0,0.75,67.99,90.653,0.165
0,Les 3 Cellier Châteauneuf du Pape Réserve 2018,14.5,0.75,65.81,87.747,0.165
0,Cocchi Barolo Chinato,16.5,0.5,49.98,99.96,0.165
0,La Chablisienne Chablis Grand Cru Les Preuses 2017,13.0,0.75,58.94,78.587,0.165
0,Tilquin Oude Quetsche,6.4,0.375,14.53,38.747,0.165
0,The Macallan Harmony Collection Amber Meadow Single Malt,44.2,0.7,187.23,267.471,0.165
0,Gratiot-Pillière Millésime Champagne Brut 2015,12.0,0.75,54.64,72.853,0.165
0,Nederburg Private Bin R163 Cabernet Sauvignon 2018,14.5,0.75,65.89,87.853,0.165
0,Vietti Barolo Castiglione 2018,14.5,0.75,65.90,87.867,0.165
0,Piper-Heidsieck Cuvée Sublime Champagne Demi-Sec,12.0,0.75,54.62,72.827,0.165
0,Au Bon Climat Pinot Noir Knox Alexander 2017,13.5,0.75,61.28,81.707,0.165
0,Oddero Barbaresco Gallina 2019,14.5,0.75,65.99,87.987,0.165
0,André Clouet Dream Vintage Champagne Brut 2013,12.0,0.75,54.80,73.067,0.164
0,Delavenne Pere & Fils Grand Cru Champagne Brut Nature,12.0,0.75,54.88,73.173,0.164
0,Gonet Sulcova Grand Cru Champagne Extra Brut 2012,12.0,0.75,54.76,73.013,0.164
0,Gonet Sulcova Cuvée Sakura Champagne Extra Brut,12.5,0.75,57.25,76.333,0.164
0,Nicolas Feuillatte Collection Vintage Blanc de Blancs Champagne Brut 2017,12.0,0.75,54.98,73.307,0.164
0,Piper-Heidsieck Essentiel Champagne Extra Brut,12.0,0.75,54.82,73.093,0.164
0,Palmer & Co. Réserve Champagne Brut,12.0,0.75,55.00,73.333,0.164
0,Clynelish 12 Year Old Special Release 2022 Single Malt,58.5,0.7,249.26,356.086,0.164
0,Mailly Grand Cru Réserve Champagne Brut,12.0,0.75,54.94,73.253,0.164
0,A.D Coutelas Vintage Champagne Extra Brut 2014,12.0,0.75,55.00,73.333,0.164
0,Château Marojallia 2018,14.5,0.75,66.82,89.093,0.163
0,Alexandre Bonnet Blanc de Noirs Champagne Extra Brut,12.5,0.75,57.50,76.667,0.163
0,Château Maison Blanche 2007,13.0,0.75,59.88,79.84,0.163
0,Salmon Meunier Rosé Champagne Brut,12.5,0.75,57.39,76.52,0.163
0,Alexandre Bonnet Rosé des Riceys La Forêt 2019,12.5,0.75,57.50,76.667,0.163
0,Reyneke Biodynamic Syrah Reserve 2018,13.0,0.75,59.99,79.987,0.163
0,Simonnet-Febvre Chablis Premier Cru Mont de Milieu 2010,13.0,0.75,59.98,79.973,0.163
0,Bruno Rocca Barbaresco 2019,14.0,0.75,64.56,86.08,0.163
0,Aalto Blanco de Parcela Fuente De Las Hontanillas 2022,13.0,0.75,59.98,79.973,0.163
0,Knoll Loibenberg Riesling Smaragd 2021,13.0,0.75,59.98,79.973,0.163
0,Hanssens Artisanaal Schaarbeekse Kriek,6.5,0.375,14.96,39.893,0.163
0,Granbazán Veigalobos Albariño 2019,13.0,0.75,59.98,79.973,0.163
0,Thörle Saulheimer Hölle Spätburgunder Trocken 2019,13.0,0.75,59.99,79.987,0.163
0,Pommery Royal Champagne Brut,12.5,0.75,57.99,77.32,0.162
0,Mumm Cordon Rouge Magnum Champagne Brut,12.0,1.5,110.99,73.993,0.162
0,Leclerc Briant Réserve Champagne Brut,12.0,0.75,55.48,73.973,0.162
0,Contino Gran Reserva 2015,14.0,1.5,129.49,86.327,0.162
0,Paul Blanck Pinot Gris Altenbourg Vendages Tardives  2015,13.5,0.75,62.50,83.333,0.162
0,Château Cantemerle 2015,13.0,0.75,60.35,80.467,0.162
0,Drappier Rose Champagne Brut Nature,12.0,0.75,55.99,74.653,0.161
0,Pierre Peters Grand Cru Cuvée de Réserve Blanc de Blancs Champagne  Brut,12.0,0.75,55.99,74.653,0.161
0,Quinta Vale D. Maria Douro Tinto 2019,15.0,0.75,69.93,93.24,0.161
0,K Charlotte Magnum 2015,15.0,1.5,139.90,93.267,0.161
0,Billecart-Salmon Réserve Champagne Brut,12.0,0.75,56.00,74.667,0.161
0,"Loriot-Pagel Cuvée de Réserve Millésimé Champagne Brut 
 2011",12.5,0.75,58.33,77.773,0.161
0,Brimoncourt Champagne Extra Brut,12.5,0.75,58.50,78.0,0.16
0,Ermacora Picolit 2016,12.5,0.5,38.99,77.98,0.16
0,Mount Gay XO The Peat Smoke Expression,57.0,0.7,249.99,357.129,0.16
0,Pagodes de Cos 2017,13.0,0.75,60.92,81.227,0.16
0,Éric Taillet Blanc de Meunier Exlusiv'T Champagne Brut,12.0,0.75,56.31,75.08,0.16
0,Pierre Paillard Les Parcelles Grand Cru Champagne Extra Brut,12.5,0.75,58.63,78.173,0.16
0,Gunderloch Hipping Grosses Gewächs Riesling 2015,12.0,0.75,56.20,74.933,0.16
0,Mumm Le Rosé Champagne Brut,12.0,0.75,56.35,75.133,0.16
0,Château d'Armailhac 2018,14.5,0.75,68.03,90.707,0.16
0,Frank Cornelissen Munjebel Bianco 2020,12.0,0.75,56.47,75.293,0.159
0,Mád Late Harvest 2016,11.0,0.375,25.98,69.28,0.159
0,Lanson Le Black Création Champagne Brut Magnum,12.5,1.5,118.00,78.667,0.159
0,Henriet-Bazin Grand Cru Léonard Rosé Champagne Brut,12.5,0.75,58.98,78.64,0.159
0,Schloss Lieser Thomas Haag Brauneberger Juffer Riesling Kabinett 2021,7.5,0.75,35.40,47.2,0.159
0,Piper-Heidsieck Rosé Champagne Brut,12.0,0.75,56.61,75.48,0.159
0,Quinta do Crasto Touriga Nacional 2019,14.5,0.75,68.40,91.2,0.159
0,Pol Roger Rich Champagne Demi-Sec,12.5,0.75,59.00,78.667,0.159
0,Chanson Beaune Bastion Premier Cru 2018,13.5,0.75,63.88,85.173,0.159
0,Gaja Sito Moresco 2021,14.0,0.75,65.89,87.853,0.159
0,Chamlija Thracian 2017,15.0,0.75,71.32,95.093,0.158
0,Jérémy Arnaud Chablis Premier Cru 'Vau de Vey' 2020,13.0,0.75,61.85,82.467,0.158
0,Jean Vesselle Oeil de Perdrix Champagne Brut,12.0,0.75,56.90,75.867,0.158
0,Franck Pascal Reliance Champagne Brut Nature,12.0,0.75,56.91,75.88,0.158
0,FJ Regnery Klüsserather Bruderschaf GG Reserve Pinot Noir 2018,14.0,0.75,66.50,88.667,0.158
0,Joseph Perrier Cuvée Royale Blanc De Blancs Champagne Brut,12.0,0.75,56.99,75.987,0.158
0,Kilikia 2021,4.8,0.5,15.20,30.4,0.158
0,Ridge Geyserville 2020,14.0,0.75,66.90,89.2,0.157
0,Maria Caterina Vin Santo di Montepulciano 2015,15.0,0.375,35.76,95.36,0.157
0,Glenfarclas 2003 Single Cask,55.9,0.7,249.46,356.371,0.157
0,Château la Dominique 2013,13.5,0.75,64.35,85.8,0.157
0,Noble House Beerenauslese 2016,9.0,0.375,21.49,57.307,0.157
0,Nittnaus Trockenbeerenauslese Exquisit 2018,10.5,0.375,25.15,67.067,0.157
0,Palmer & Co Réserve Magnum Champagne Brut,12.0,1.5,115.00,76.667,0.157
0,Baumann-Zirgel Vendanges Tardives Pinot Gris 2018,12.5,0.5,39.83,79.66,0.157
0,Arnaud Margaine Premier Cru Rosé Champagne Brut,12.0,0.75,57.46,76.613,0.157
0,Laherte Freres Champagne Extra-Brut,12.5,0.75,59.84,79.787,0.157
0,Boker's Bitters,31.5,0.1,20.02,200.2,0.157
0,Ferrari Brut Jeroboam,12.0,3.0,229.90,76.633,0.157
0,Emrich-Schönleber Halenberg Riesling R 2017,12.5,0.75,60.23,80.307,0.156
0,Soufrandiere Pouilly-Fuissé Climat “En Chatenay” 2020,12.5,0.75,59.98,79.973,0.156
0,Michel Gonet Mesnil sur Oger Grand Cru Blanc de Blanc Champagne Extra Brut 2015,12.5,0.75,59.98,79.973,0.156
0,Dr. Bürklin-Wolf Ruppertsberger Gaisböhl Riesling Trocken G.C. Monopol 2021,12.5,0.75,59.99,79.987,0.156
0,Roland Champion Grand Eclat Blanc de Blancs Grand Cru Champagne Brut 2015,12.5,0.75,59.98,79.973,0.156
0,Franco Conterno Barolo Bussia Riserva 2015,14.5,0.75,69.90,93.2,0.156
0,Bottega Il Vino Prêt-A-Porter Amarone della Valpolicella Classico Riserva 2017,16.0,0.75,76.86,102.48,0.156
0,Kuura Ice Cider,11.0,0.375,26.36,70.293,0.156
0,Paolo Scavino Barolo Bricco Ambrogio 2014,14.5,0.75,69.86,93.147,0.156
0,Camus XO,40.0,0.7,179.00,255.714,0.156
0,Hervieux-Dumez Spécial Club Champagne Brut 2016,12.0,0.75,57.65,76.867,0.156
0,Legras & Haas Rose Champagne Brut,12.5,0.75,60.11,80.147,0.156
0,Vilmart & Cie Grande Réserve Premier Cru Champagne Brut,12.5,0.75,59.96,79.947,0.156
0,Taittinger Nocturne Champagne Sec,12.5,0.75,59.98,79.973,0.156
0,Gonet Sulcova Millésime Grand Cru Champagne Brut 2006,12.0,1.5,116.13,77.42,0.155
0,3 Fonteinen Oude Kriek,6.8,0.375,16.50,44.0,0.155
0,Château du Tertre 2020,13.0,0.75,62.99,83.987,0.155
0,Château Marquis d'Alesme 2018,14.5,0.75,70.01,93.347,0.155
0,Loriot-Pagel Blanc de Blancs Grand Cru Champagne Brut 2017,12.5,0.75,60.58,80.773,0.155
0,Château d'Armailhac 2015,13.5,0.75,65.30,87.067,0.155
0,Ségla 2014,13.5,0.75,65.30,87.067,0.155
0,Chryseia 2020,14.5,0.75,70.30,93.733,0.155
0,Christian Drouin Les Millésimés 1992 Calvados 1992,42.0,0.7,190.00,271.429,0.155
0,Charles Mignon Premium Réserve Rosé Champagne Brut,12.0,0.2,15.48,77.4,0.155
0,Aresti Codigo de Familia 380 2011,14.5,0.75,69.98,93.307,0.155
0,Joseph Mellot Sancerre Cuvée Pierre-Étienne 2017,13.5,0.75,65.90,87.867,0.154
0,Château Moulin Riche 2016,13.0,0.75,63.50,84.667,0.154
0,Boizel Réserve Champagne Brut,12.0,0.75,58.38,77.84,0.154
0,Louis M. Martini Monte Rosso Vineyard Zinfandel 2016,16.2,0.75,79.00,105.333,0.154
0,Laurent Lequart Blanc de Meunier Champagne Brut Nature,12.0,0.75,58.75,78.333,0.153
0,Gonet Sulcova Grand Cru Millésime Champagne Brut 2014,12.0,0.75,58.87,78.493,0.153
0,Château Montifaud Petite Champagne XO,40.0,0.7,182.45,260.643,0.153
0,Palmer & Co Nectar Réserve Champagne Demi-Sec,12.0,0.75,59.00,78.667,0.153
0,Waris-Larmandier L'Instant de Passions Rosé Champagne Brut,12.0,0.75,58.86,78.48,0.153
0,Kracher Noble Reserve Trockenbeerenauslese,11.0,0.375,26.98,71.947,0.153
0,Ruffino Greppone Mazzi Brunello di Montalcino 2018,14.0,0.75,68.50,91.333,0.153
0,Schloss Lieser Niederberg Helden Riesling 2021,12.0,0.75,58.80,78.4,0.153
0,Laurent Lequart Blanc de Blancs Champagne Brut,12.0,0.75,58.75,78.333,0.153
0,Ernst Triebaumer Rust Beerenauslese 2015,12.5,0.375,30.92,82.453,0.152
0,3 Fonteinen Golden Blend Oude Geuze,7.2,0.75,35.48,47.307,0.152
0,Clos Alkio Hiitola 2020,15.0,0.75,74.00,98.667,0.152
0,Smakbyns Päråla,20.5,0.5,67.37,134.74,0.152
0,William Fevre Chablis Premier Cru Montmains 2020,12.5,0.75,61.62,82.16,0.152
0,Rémi Leroy Blanc de Noirs Millésime Champagne Brut 2018,12.5,0.75,61.90,82.533,0.151
0,Gonet Sulcova Blanc de Blancs Champagne Brut,12.5,0.375,31.09,82.907,0.151
0,Château Batailley 2018,14.5,0.75,71.84,95.787,0.151
0,Palmer & Co Réserve Champagne Brut,12.0,0.375,29.90,79.733,0.151
0,Smål Boosted Aperitivo,15.0,0.2,19.93,99.65,0.151
0,Baron de Castelneau 50 Year Old Armagnac,43.1,0.7,199.99,285.7,0.151
0,Waris-Larmandier Particules Crayeuses Champagne Extra-Brut,12.0,0.75,59.53,79.373,0.151
0,K Cattle King Upland Vineyard Syrah 2018,14.5,0.75,72.00,96.0,0.151
0,Imperial Gran Reserva 2016,14.5,0.75,71.99,95.987,0.151
0,Boizel Rosé Champagne Brut,12.0,0.75,59.77,79.693,0.151
0,Real De Asúa 2018,14.0,0.75,69.48,92.64,0.151
0,Huré Frères Insouciance Rosé Champagne Brut,12.0,0.75,59.98,79.973,0.15
0,Joseph Perrier Cuvée Royale Rosé Champagne Brut,12.0,0.375,29.99,79.973,0.15
0,Château Phélan Ségur 2018,14.0,0.75,70.14,93.52,0.15
0,Robert Mondavi Winery Napa Valley Cabernet Sauvignon 2019,15.0,0.75,74.77,99.693,0.15
0,Drappier Carte d'Or Champagne Brut Magnum,12.0,1.5,119.98,79.987,0.15
0,Hanssens Oude Kriek,5.3,0.375,13.22,35.253,0.15
0,Au Bon Climat Sanford & Benedict Vineyard Pinot Noir 2020,14.0,0.75,69.99,93.32,0.15
0,Penet Chardonnet Grand Cru Terroir Escence Champagne Extra Brut,12.0,0.75,59.91,79.88,0.15
0,Laurent-Perrier La Cuvée Champagne Brut,12.0,0.75,59.98,79.973,0.15
0,Kukkula Iso 2017,14.0,0.75,69.98,93.307,0.15
0,Tellier Vignes de Pierry Premier Cru Champagne Extra Brut 2016,12.0,0.75,59.99,79.987,0.15
0,Mailly Grand Cru Rosé Champagne Brut,12.0,0.375,29.98,79.947,0.15
0,Domaine des Remizières Hermitage Cuvée Emilie 2018,14.0,0.75,69.98,93.307,0.15
0,Mikkeller Baghaven Reflections of Matter Wild Ale 2020,6.0,0.75,29.98,39.973,0.15
0,La Borderie Trois Contrees Champagne Extra Brut,12.0,0.75,59.88,79.84,0.15
0,Guerrieri Rizzardi Calcarole Amarone della Valpolicella Classico Riserva 2016,17.0,0.75,84.99,113.32,0.15
0,Carl Loewen Ritsch Riesling Auslese 2018,8.0,0.375,19.99,53.307,0.15
0,Mailly Grand Cru Réserve Champagne Brut Magnum,12.0,1.5,119.98,79.987,0.15
0,Banfi Poggio alle Mura Brunello di Montalcino 2018,15.0,0.75,74.98,99.973,0.15
0,Hine Antique XO Premier Cru,40.0,0.7,186.50,266.429,0.15
0,Serge Mathieu Tradition Blanc de Noirs Champagne Brut,12.0,0.75,59.90,79.867,0.15
0,Etienne Calsac L'échappée Belle Blanc De Blancs Champagne Extra Brut,12.0,0.75,60.28,80.373,0.149
0,Pascal Doquet Anthocyanes Premier Cru Rosé Champagne Extra-Brut,12.5,0.75,63.00,84.0,0.149
0,Hatt Et Söner Premier Cru Blanc de Blancs Quattuor Champagne Extra Brut 2018,12.0,0.75,60.28,80.373,0.149
0,K The Hidden Syrah 2018,14.5,0.75,73.00,97.333,0.149
0,Domaine Baud Génération 9 Côtes de Jura Vin Jaune 2015,14.0,0.62,58.08,93.677,0.149
0,Ten Minutes by Tractor Wallis Chardonnay 2021,13.5,0.75,68.01,90.68,0.149
0,Poderi Colla Barolo Bussia Dardi Le Rose 2016,14.0,0.75,70.58,94.107,0.149
0,Josetta Saffirio Barolo 2018,13.5,0.75,67.96,90.613,0.149
0,Château Phélan Ségur 2017,13.0,0.75,65.49,87.32,0.149
0,Leitz Berg Schlossberg Grosses Gewächs Riesling Trocken 2014,13.5,0.75,67.99,90.653,0.149
0,Huani Blanco Tequila,39.5,0.05,13.28,265.6,0.149
0,Leclerc Briant Rosé Champagne Extra Brut,12.0,0.75,60.49,80.653,0.149
0,Taittinger Réserve Magnum Champagne Brut,12.5,1.5,125.90,83.933,0.149
0,Felton Road Cornish Point Pinot Noir 2021,14.0,0.75,70.32,93.76,0.149
0,Drappier Millésime Exception Champagne Brut 2017,12.0,0.75,60.98,81.307,0.148
0,Gusbourne Rosé Brut 2018,12.0,0.75,60.98,81.307,0.148
0,Kilchoman 16 Year Old Limited Edition Single Malt,50.0,0.7,238.37,340.529,0.147
0,Dehours Les Vignes de Mizy 2015,12.0,0.75,61.07,81.427,0.147
0,Les 3 Cellier Eternelle Châteauneuf du Pape 2016,15.0,0.75,76.77,102.36,0.147
0,Vall Llach Aigua de Llum 2021,13.5,0.75,68.65,91.533,0.147
0,La Bioca Moschiaccio Moscato D'Asti,5.0,0.75,25.51,34.013,0.147
0,Bien Nacido Estate Syrah 2018,13.0,0.75,66.26,88.347,0.147
0,Cotarella Ogrà Syrah 2016,15.5,0.75,79.00,105.333,0.147
0,Ca' Del Bosco Vintage Collection Satèn Franciacorta Brut 2018,12.5,0.75,63.90,85.2,0.147
0,Tilquin Oude Mûre à l'Ancienne,6.0,0.375,15.31,40.827,0.147
0,Caparzo La Casa Brunello di Montalcino 2018,14.5,0.75,73.98,98.64,0.147
0,Pérez Barquero La Cañada Pedro Ximénez,15.0,0.75,76.60,102.133,0.147
0,Glenfarclas 25 Year Old Single Malt,43.0,0.7,205.87,294.1,0.146
0,Legras & Haas Grand Cru Blanc de Blanc Champagne Brut,12.5,0.375,32.09,85.573,0.146
0,Beaulieu Vineyard Tapestry Reserve Red Wine Napa Valley 2018,15.0,0.75,76.90,102.533,0.146
0,Gosset Grande Réserve Champagne Brut,12.0,0.75,61.80,82.4,0.146
0,Copenhagen Sparkling Tea Grøn,5.0,0.75,25.70,34.267,0.146
0,Moussé et Fils Les Vignes de Mon Village Blanc de Meuniers Champagne Brut Nature,12.0,0.75,61.70,82.267,0.146
0,Bava Barolo Scarrone 2015,14.0,0.75,71.89,95.853,0.146
0,Leclerc Briant Réserve Champagne Brut Magnum,12.0,1.5,122.98,81.987,0.146
0,Mustan Virran St. Olaf Pale Ale 1.2%,1.2,0.33,2.72,8.242,0.146
0,Bertrand Machard de Gramont Nuits-saint-Georges Les Terrasses des Vallerots 2014,13.0,0.75,67.47,89.96,0.145
0,André Clouet Dream Vintage Grand Cru Champagne Brut 2006,12.0,0.75,62.10,82.8,0.145
0,Kuura Ice 2018,11.0,0.375,28.40,75.733,0.145
0,Loriot-Pagel Cuvée de Reserve Champagne Brut 2013,12.5,0.75,64.76,86.347,0.145
0,Felton Road Calvert Pinot Noir 2021,13.5,0.75,70.00,93.333,0.145
0,Château d'Armailhac 2017,13.5,0.75,69.67,92.893,0.145
0,Mazzei Badiola Chianti Classico Gran Selezione 2019,13.5,0.75,69.81,93.08,0.145
0,Etude Grace Benoist Ranch Carneros Pinot Noir 2019,14.5,0.75,74.90,99.867,0.145
0,Joseph Drouhin Meursault 2020,13.5,0.75,69.98,93.307,0.145
0,Lenz Moser Prestige Trockenbeerenauslese 2018,8.5,0.375,22.19,59.173,0.144
0,La Chouette de Champillon Champagne Brut Jeroboam,12.5,3.0,259.90,86.633,0.144
0,Moët & Chandon Nectar Impérial Champagne Demi Sec,12.0,0.75,62.48,83.307,0.144
0,Hugel Gewurztraminer Vendange Tardive 2015,11.5,0.375,29.90,79.733,0.144
0,Seifried Nelson Sweet Agnes Riesling 2016,10.5,0.375,27.41,73.093,0.144
0,Bründlmayer Ried Spiegel 1ÖTW Erste Lage Vincent Grüner Veltliner 2017,12.5,0.75,64.90,86.533,0.144
0,Pol Roger Pure Champagne Extra Brut,12.5,0.75,64.90,86.533,0.144
0,Glenmorangie Signet Single Malt,46.0,0.7,225.59,322.271,0.143
0,Dr. Nägler Rüdesheimer Berg Roseneck Riesling Beerenauslese 2011,9.5,0.375,24.85,66.267,0.143
0,Petit & Bajan Ambrosie Grand Cru Champagne Extra Brut,12.0,0.75,63.11,84.147,0.143
0,Cotarella Montiano 2019,14.5,0.75,75.98,101.307,0.143
0,Pierre Peters Grand Cru Champagne Extra Brut,12.0,0.75,62.99,83.987,0.143
0,Braida Bricco del'Uccellone 2019,15.0,0.75,78.92,105.227,0.143
0,Tedeschi Recioto Capitel Fontana 2018,13.5,0.5,47.06,94.12,0.143
0,Lanson Green Label Bio-Organic Champagne Brut,12.5,0.75,65.49,87.32,0.143
0,Taittinger Réserve Champagne Brut,12.5,6.0,525.00,87.5,0.143
0,Felton Road MacMuir Pinot Noir 2021,14.5,0.75,75.99,101.32,0.143
0,Palmer & Co Extra Réserve Champagne Extra-Brut,12.0,0.75,63.00,84.0,0.143
0,Ridgeview Blanc de Noirs Brut 2015,12.0,0.75,62.99,83.987,0.143
0,Clos Pissarra La Vinyeta Vinea Antiqua 2014,14.0,0.75,73.73,98.307,0.142
0,Moric Still a Serious Wine,13.5,0.75,71.44,95.253,0.142
0,Dumangin Premium Rosé de Saignée Champagne Extra Brut 2010,12.0,0.75,63.44,84.587,0.142
0,Cles des Ducs Armagnac Vintage 1972,40.0,0.7,197.20,281.714,0.142
0,Gusbourne Blanc de Blancs Brut 2016,12.0,0.75,63.48,84.64,0.142
0,Moët & Chandon Impérial Magnum Champagne Brut,12.0,1.5,127.59,85.06,0.141
0,Guerrieri Rizzardi Calcarole Amarone della Valpolicella Classico 2011,16.0,0.75,84.89,113.187,0.141
0,Piper-Heidsieck Essentiel Blanc de Blancs Champagne Extra Brut,12.0,0.75,63.95,85.267,0.141
0,Deutz Rosé Champagne Brut,12.0,0.375,31.82,84.853,0.141
0,E. Guigal Hermitage 2020,15.0,0.75,79.98,106.64,0.141
0,Pierre Paillard Les Parcelles Bouzy Grand Cru Champagne Extra Brut,12.5,0.375,33.32,88.853,0.141
0,Christophe Semaska Lys d'Or Condrieu 2019,15.0,0.75,80.00,106.667,0.141
0,Château d'Armailhac 2016,13.5,0.75,71.97,95.96,0.141
0,Joseph Perrier Cuvée Royale Vintage Champagne Brut 2013,12.0,0.75,63.99,85.32,0.141
0,Penfolds Bin 150 Marananga Shiraz 2020,14.5,0.75,76.98,102.64,0.141
0,Churchill's Vintage Port 1997,20.5,0.75,109.01,145.347,0.141
0,Robert Barbichon Réserve 4 Cépages Champagne Brut,12.0,0.75,64.48,85.973,0.14
0,Philipponnat Royale Réserve Non Dosé Champagne Brut,12.5,0.75,66.89,89.187,0.14
0,Joseph Drouhin Nuits-Saint-Georges 2018,13.0,0.75,69.88,93.173,0.14
0,Plener Pinot Noir 2018,13.0,0.75,69.62,92.827,0.14
0,Hennessy XO,40.0,0.7,199.98,285.686,0.14
0,Charlier & Fils Spécial Club Champagne Brut 2015,12.0,0.75,64.49,85.987,0.14
0,Philipponnat Royale Réserve Champagne Brut,12.5,0.75,66.89,89.187,0.14
0,JM Sélèque Quintette Champagne Extra Brut,12.5,0.75,66.98,89.307,0.14
0,Robert Barbichon Blanc de Noirs Champagne Extra Brut,12.0,0.75,64.48,85.973,0.14
0,Castell D'Encus Taika Brut Nature 2016,12.0,0.75,64.48,85.973,0.14
0,Friedrich Becker Sankt Paul Pinot Noir 2017,13.5,0.75,72.49,96.653,0.14
0,LAN Culmen 2017,14.0,0.75,74.98,99.973,0.14
0,Marguet Blanc De Blancs Premier Cru Yuman Champagne Brut Nature 2019,13.0,0.75,70.30,93.733,0.139
0,Charles de Cazanove Millésime Champagne Brut 2016,12.0,0.75,64.90,86.533,0.139
0,Robert Weil Kiedricher Gräfenberg Riesling Trocken GG 2020,13.0,0.75,69.98,93.307,0.139
0,Nivole Moscato d'Asti 2022,5.0,0.375,13.49,35.973,0.139
0,Joseph Drouhin Gevrey-Chambertin 2020,13.5,0.75,72.90,97.2,0.139
0,Sol de Señorans Albariño Barrica 2012,12.5,0.75,67.24,89.653,0.139
0,Boizel Premier Cru La Montagne Blanc de Noirs Champagne Brut,12.0,0.75,64.87,86.493,0.139
0,Henriot Rosé Champagne Brut,12.0,0.75,64.85,86.467,0.139
0,Ployez-Jacquemart Passion Champagne Extra Brut,12.0,0.75,64.76,86.347,0.139
0,Château Maison Blanche 2000,13.0,0.75,69.97,93.293,0.139
0,Mikkeller Spontancherry Frederiksdal 2021,7.2,0.375,19.47,51.92,0.139
0,Ployez-Jacquemart Passion Champagne Extra Brut Magnum,12.0,1.5,129.52,86.347,0.139
0,Bründlmayer Ried Heiligenstein Lyra 1ÖTW Erste Lage Riesling 2014,13.0,0.75,69.90,93.2,0.139
0,Camille Giroud Savigny-les-Beaune Aux Clous Premier Cru 2020,14.0,0.75,75.33,100.44,0.139
0,Gillardi Langhe Harys 2018,13.0,0.75,69.90,93.2,0.139
0,Tellier Vignes de Pierry Premier Cru Champagne Extra Brut 2017,12.0,0.75,64.90,86.533,0.139
0,Martell XO,40.0,0.7,201.99,288.557,0.139
0,Monti Barolo Bricco San Pietro 2016,14.5,0.75,78.78,105.04,0.138
0,Lakeview Cellars Cabernet Franc Icewine 2017,11.0,0.375,29.98,79.947,0.138
0,Routa Premium 1988,55.0,0.5,199.55,399.1,0.138
0,Pio Cesare Barolo 2019,14.5,0.75,78.90,105.2,0.138
0,Laurent-Perrier Magnum Champagne Brut,12.0,1.5,129.98,86.653,0.138
0,Nicolas Feuillatte Grand Cru Blanc de Blancs Champagne Brut 2012,12.0,0.75,64.99,86.653,0.138
0,Gonet Sulcova Rose Champagne Brut,12.0,0.375,32.72,87.253,0.138
0,Deutz Classic Champagne Brut Magnum,12.0,1.5,130.00,86.667,0.138
0,Nicolas Feuillatte Grand Cru Blanc de Noirs Champagne Brut 2014,12.0,0.75,64.99,86.653,0.138
0,Perrier-Jouët Champagne Brut,12.0,0.75,64.99,86.653,0.138
0,Pol Roger Champagne Brut Réserve,12.5,1.5,135.90,90.6,0.138
0,Joseph Drouhin Chassagne-Montrachet 2020,13.5,0.75,73.51,98.013,0.138
0,Franck Pascal Harmonie Blanc de Noirs Champagne Extra Brut 2012,12.0,0.75,65.66,87.547,0.137
0,El Ixsir Red 2016,14.0,0.75,76.67,102.227,0.137
0,Nikka Discovery Yoichi Aromatic Yeast Single Malt,48.0,0.7,244.39,349.129,0.137
0,Mauro Molino Barolo La Serra 2019,14.0,0.75,76.40,101.867,0.137
0,Mumm Le Millésimé Champagne Brut 2013,12.5,0.75,68.49,91.32,0.137
0,Spirit of Sahti Single Cask Whisky,40.0,0.5,146.38,292.76,0.137
0,Henriot Blanc de Blancs Champagne Brut,12.0,0.75,65.81,87.747,0.137
0,M. Chapoutier Côte-Rôtie Les Bécasses 2020,13.5,0.75,74.00,98.667,0.137
0,Open Water Brewery Köldknäpp,12.0,0.375,32.93,87.813,0.137
0,de Venoge Cordon Bleu Rosé Champagne Brut,12.0,0.75,65.99,87.987,0.136
0,Pira Barolo Vignarionda 2018,14.5,0.75,79.98,106.64,0.136
0,Penfolds Bin 389 Cabernet Shiraz 2020,14.5,0.75,79.98,106.64,0.136
0,Penfolds Bin 407 Cabernet Sauvignon 2019,14.5,0.75,79.98,106.64,0.136
0,Schmitges Treppchen Riesling Auslese 2020,8.0,0.375,22.08,58.88,0.136
0,Penfolds Bin 389 Cabernet Shiraz 2019,14.5,0.75,79.98,106.64,0.136
0,Château Minuty 281 2022,12.5,0.75,68.70,91.6,0.136
0,Nederburg Private Bin R121 Shiraz 2009,14.5,0.75,79.90,106.533,0.136
0,Allegrini La Poja 2015,14.5,0.75,79.89,106.52,0.136
0,Gratiot-Pillière Blanc de Blancs Champagne Brut 2018,12.0,0.75,65.95,87.933,0.136
0,Quinta Vale D. Maria Vinha Da Francisca 2020,14.5,0.75,79.94,106.587,0.136
0,Mailly Coteaux Champenois Pinot Noir,12.0,0.75,65.99,87.987,0.136
0,Macan 2018,14.0,0.75,76.99,102.653,0.136
0,M. Chapoutier Monier de la Sizeranne Hermitage 2018,14.5,0.75,80.22,106.96,0.136
0,Jermann Vintage Tunina 2019,13.0,0.75,71.90,95.867,0.136
0,Hélène Beaugrand Le Grand Carré Blanc de Blancs Champagne Extra Brut,12.5,0.75,68.94,91.92,0.136
0,G.D Vajra Barolo Bricco Delle Viole 2019,14.5,0.75,79.98,106.64,0.136
0,Montevertine Rosso 2018,13.0,0.75,71.90,95.867,0.136
0,Pierre Mignon Grande Réserve Champagne Brut,12.0,0.75,66.34,88.453,0.136
0,Moët & Chandon Impérial Champagne Brut,12.0,0.375,32.99,87.973,0.136
0,Pierre Paillard Grand Cru Rosé Champagne Extra-Brut,12.5,0.75,69.62,92.827,0.135
0,Paul Blanck Gewurztraminer Furstentum Sélection de Grains Nobles Grand Cru 1999,15.0,0.75,83.21,110.947,0.135
0,Porto Gran Cruz Aged 40 Years,20.0,0.75,110.89,147.853,0.135
0,Bass Phillip Crown Prince Pinot Noir 2018,13.5,0.75,74.99,99.987,0.135
0,Moric Raga Raiding 2011,14.0,0.75,77.70,103.6,0.135
0,Arnaud Margaine Le Caractère M de Margaine Premier Cru Champagne Extra Brut,12.5,0.75,69.62,92.827,0.135
0,Trimbach Riesling Frédéric Emile 2016,13.5,0.75,74.98,99.973,0.135
0,Jeeper Grande Réserve Blanc de Blancs Champagne Brut,12.0,0.75,66.50,88.667,0.135
0,Kühling-Gillot Nierstein Hipping Grosses Gewächs Riesling 2020,12.5,0.75,69.98,93.307,0.134
0,Pommery Royal Rosé Champagne Brut,12.5,0.75,69.99,93.32,0.134
0,Hatt Et Söner Grande Cuveé Rosé Champagne Brut,12.0,0.75,67.17,89.56,0.134
0,Diplomático Ambassador,47.0,0.7,244.98,349.971,0.134
0,Ten Minutes by Tractor Wallis Pinot Noir 2021,12.5,0.75,69.99,93.32,0.134
0,Lanson Le Rosé Champagne Brut,12.5,0.75,69.90,93.2,0.134
0,Moët & Chandon Ice Imperial Champagne Demi-Sec,12.0,0.75,66.98,89.307,0.134
0,De Sousa Grand Cru Blanc de Blancs Champagne Brut,12.5,0.75,69.90,93.2,0.134
0,Laherte Freres Rose De Meunier Champagne Extra Brut,12.5,0.75,69.71,92.947,0.134
0,Laherte Freres Blanc de Blancs Champagne Brut Nature,12.5,0.75,69.71,92.947,0.134
0,Leclerc Briant Rosé Champagne Extra Brut Magnum,12.0,1.5,134.98,89.987,0.133
0,Stag's Leap Artemis Cabernet Sauvignon 2018,15.0,0.75,84.77,113.027,0.133
0,Alessandro Rivetto Barolo Vigna Rionda 2014,14.0,0.75,78.89,105.187,0.133
0,Don Julio 1942 Añejo Tequila,38.0,0.7,199.50,285.0,0.133
0,Moussé et Fils Terres d'Illite Blanc de Noirs Champagne Extra Brut 2018,12.0,0.75,67.59,90.12,0.133
0,Piper-Heidsieck Vintage Champagne Brut 2014,12.0,0.75,67.81,90.413,0.133
0,Maison Roche Chassagne-Montrachet Vieilles Vignes  2016,13.0,0.75,73.86,98.48,0.132
0,Pommery POP It's A Girl Rosé Champagne Extra Dry,12.5,0.2,18.99,94.95,0.132
0,Ainoa Valokki 2022,10.0,0.35,26.49,75.686,0.132
0,Alion 2019,15.0,0.75,85.49,113.987,0.132
0,Moët & Chandon Rosé Impérial Champagne Brut,12.0,0.75,67.98,90.64,0.132
0,Louis Roederer Collection 244 Champagne Brut,12.5,0.75,70.99,94.653,0.132
0,Pierre Mignon Prestige Champagne Brut,12.0,0.75,67.96,90.613,0.132
0,Pommery POP It's A Boy Champagne Extra Dry,12.5,0.2,18.99,94.95,0.132
0,Nyetimber Rosé Brut,12.0,0.75,67.98,90.64,0.132
0,Moric Serious Wine from a Gorgeous Place 2016,13.5,0.75,76.56,102.08,0.132
0,Mendel Finca Remota Malbec 2020,14.5,0.75,83.00,110.667,0.131
0,Tempore Vino de Parcela Viña Alta Garnacha 2018,15.0,0.75,85.84,114.453,0.131
0,Clos des Papes Chateauneuf du Pape Blanc 2020,14.0,0.75,79.90,106.533,0.131
0,Meukow Palme d'Or Rarissime Cognac,41.3,0.7,220.00,314.286,0.131
0,Valduero 6 Años Reserva Premium 2014,14.0,0.75,79.94,106.587,0.131
0,Trimbach Riesling Grand Cru Geisberg 2018,14.5,0.75,82.98,110.64,0.131
0,Casisano Colombaiolo Brunello di Montalcino Riserva 2016,14.0,0.75,79.98,106.64,0.131
0,Pierre Gimonnet Fleuron 1er Cru Blanc de Blancs Champagne Brut 2017,12.5,0.75,71.80,95.733,0.131
0,Royal Tokaji Blue Label 5 Puttonyos 2016,11.5,0.5,43.99,87.98,0.131
0,Batasiolo Barolo Cerequio 2013,14.0,0.75,79.85,106.467,0.131
0,Quinta Vale D. Maria Vinha da Francisca 2018,14.5,1.5,167.68,111.787,0.13
0,Pannier Velours Rosé Champagne Sec,12.0,0.75,69.29,92.387,0.13
0,Florent Descombe Meursault Vieilles Vignes Rouge 2018,13.0,0.75,74.95,99.933,0.13
0,G.H. Martel Millesime Champagne Brut 2012,12.0,0.75,69.00,92.0,0.13
0,Château Batailley 2016,13.0,0.75,75.02,100.027,0.13
0,Antinori Cervaro della Sala 2015,12.5,0.75,72.00,96.0,0.13
0,Lepola Vega Ice Cider,10.0,0.35,26.88,76.8,0.13
0,Reyneke Reserve Cabernet Sauvignon 2017,14.0,0.75,81.50,108.667,0.129
0,Havana Club Añejo 15 Años Gran Reserva,40.0,0.7,216.99,309.986,0.129
0,Fattoria Le Pupille Piemme 2015,15.5,0.75,89.77,119.693,0.129
0,Delouvin Nowack Fauve Champagne Brut Nature 2014,12.0,0.75,69.62,92.827,0.129
0,Domaine Giraud Les Grenaches de Pierre Châteauneuf-du-Pape 2019,17.0,0.75,99.15,132.2,0.129
0,Palmer & Co Rosé Solera Champagne Brut Magnum,12.0,1.5,140.00,93.333,0.129
0,Palmer & Co Rosé Solera Champagne Brut,12.0,0.375,34.98,93.28,0.129
0,Leclerc Briant Reserve Champagne Brut,12.0,0.375,34.90,93.067,0.129
0,Gini Col Foscarin Recioto di Soave 2016,13.0,0.75,75.82,101.093,0.129
0,Pierre Mignon Cuvée Pure Champagne Zero Dosage,12.0,0.75,69.88,93.173,0.129
0,Alvaro Palacios Finca Dofi 2020,14.5,0.75,84.32,112.427,0.129
0,Pascal Doquet Diapason Grand Cru Le Mesnil Sur Oger Champagne Extra Brut,12.5,0.75,72.90,97.2,0.129
0,Veuve Clicquot Champagne Demi-Sec,12.0,0.75,69.99,93.32,0.129
0,Shafer TD-9 2018,15.0,0.75,86.98,115.973,0.129
0,G.H. Martel 150 Ans Vintage Champagne Brut 2009,12.0,0.75,69.90,93.2,0.129
0,Château de Bligny 6 Cépages Champagne Brut Nature,12.0,0.75,69.90,93.2,0.129
0,Larmandier-Bernier Longitude Blanc de Blancs Premier Cru Champagne Extra-Brut,12.5,0.75,72.45,96.6,0.129
0,Conterno Fantino Barolo Sori Ginestra 2014,14.0,0.75,81.17,108.227,0.129
0,Tellier Cramant Grand Cru Blanc de Blancs Champagne Extra Brut 2016,12.0,0.75,69.98,93.307,0.129
0,La Borderie Douce Folie Rosé Champagne Extra Brut 2017,12.0,0.75,69.90,93.2,0.129
0,Petit & Bajan Nuit Blanche Grand Cru Champagne Extra Brut,12.0,0.75,69.68,92.907,0.129
0,Moët & Chandon Ice Impérial Rosé Champagne Demi-Sec,12.0,0.75,69.98,93.307,0.129
0,Clos des Papes Chateauneuf du Pape Blanc Magnum 2020,14.0,1.5,162.90,108.6,0.129
0,Bruno Paillard Première Cuvée Champagne Extra Brut,12.0,0.75,70.05,93.4,0.128
0,Royal Lochnagar 16 Year Old Special Release Single Malt,57.5,0.7,314.98,449.971,0.128
0,Jean-Luc & Eric Burguet Gevrey-Chambertin Symphonie 2019,14.5,0.75,84.99,113.32,0.128
0,Tribaut Schloesser Cuvée René Champagne Extra Brut Magnum,12.5,1.5,146.00,97.333,0.128
0,Batasiolo Barolo Briccolina 2011,15.0,0.75,87.70,116.933,0.128
0,Bottega Il Vino Prêt-A-Porter Brunello di Montalcino Riserva 2017,15.0,0.75,87.99,117.32,0.128
0,E. Guigal Côte-Rôtie Brune et Blonde de Guigal 2019,14.0,0.75,82.00,109.333,0.128
0,Veuve Clicquot Rosé Champagne Brut,12.5,0.75,72.99,97.32,0.128
0,Hatt Et Söner Premier Cru Blanc de Blancs Les Matines Brut Nature 2018,12.0,0.75,70.27,93.693,0.128
0,Balbiano Freisa di Chieri Vigna della Regina 2014,13.0,0.75,76.20,101.6,0.128
0,Clos Mogador Gratallops 2019,15.0,0.75,88.40,117.867,0.127
0,Bass Phillip Bin 17K Pinot Noir 2017,13.5,0.75,79.99,106.653,0.127
0,Allegrini Amarone della Valpolicella Classico 2019,16.0,0.75,94.14,125.52,0.127
0,André Clouet Grande Reserve Champagne Brut Jeroboam,12.0,3.0,283.30,94.433,0.127
0,Ruffino Romitorio di Santedame Chianti Classico Gran Selezione 2016,14.0,0.75,82.50,110.0,0.127
0,Clos Mogador Gratallops 2020,15.0,0.75,88.40,117.867,0.127
0,Joseph Drouhin Puligny-Montrachet 2020,13.5,0.75,79.89,106.52,0.127
0,Au Bon Climat Sanford & Benedict Vineyard Chardonnay 2018,13.5,0.75,79.99,106.653,0.127
0,Yoigokochi Yuzu,8.0,0.72,45.70,63.472,0.126
0,Van Zellers & Co 30 Years Old Tawny Port & Co,20.0,0.75,119.33,159.107,0.126
0,Orin Swift Papillon 2019,16.0,0.75,95.00,126.667,0.126
0,Mailly Grand Cru Blanc de Pinot Noir Champagne Brut,12.0,0.75,71.41,95.213,0.126
0,Macán Magnum 2018,14.0,1.5,166.60,111.067,0.126
0,Château de Nalys Châteauneuf-du-Pape Rouge 2016,14.5,0.75,86.30,115.067,0.126
0,Clos des Papes Chateaneuf du Pape Blanc 2022,15.0,0.75,88.95,118.6,0.126
0,Zenato Amarone Classico della Valpolicella Riserva 2017,16.5,0.75,97.95,130.6,0.126
0,Barons de Rothschild Champagne Concordia Brut,12.0,0.75,71.90,95.867,0.125
0,Christophe Semaska Château de Montlys Côte Rôtie 2019,15.0,0.75,89.99,119.987,0.125
0,Rene Collet Anthime Heritage Champagne Extra Brut,12.5,0.75,74.89,99.853,0.125
0,Domaine du Vieux Télégraphe Châteauneuf-du-Pape 2020,15.0,0.75,90.00,120.0,0.125
0,Gosset Grand Rosé Champagne Brut,12.0,0.75,71.90,95.867,0.125
0,Pommery Royal Champagne Brut Magnum,12.5,1.5,149.98,99.987,0.125
0,Leclerc Briant Millésime Champagne Extra Brut 2016,12.0,0.75,72.48,96.64,0.124
0,Domaine Faiveley Gevrey-Chambertin Vieilles Vignes 2020,13.0,0.75,78.49,104.653,0.124
0,Vollereaux Cuvée Marguerite Millésime Champagne Brut 2011,12.0,0.75,72.50,96.667,0.124
0,Taittinger Prestige Rosé Champagne Brut,12.5,0.75,75.90,101.2,0.124
0,Veuve Clicquot Magnum Champagne Brut,12.0,1.5,145.00,96.667,0.124
0,Hewitson Monopole Mother Vine Shiraz 2018,14.0,0.75,84.99,113.32,0.124
0,Pagos De Viña Real 2015,14.0,0.75,85.49,113.987,0.123
0,Château de Bligny Blanc de Blancs Millésime Champagne Brut 2009,12.0,0.75,72.99,97.32,0.123
0,Veuve Clicquot Rich Champagne Doux,12.0,0.75,72.99,97.32,0.123
0,Le Carré 2014,13.5,0.75,82.26,109.68,0.123
0,Moët & Chandon Impérial Mini Champagne Brut,12.0,0.2,19.59,97.95,0.123
0,Mailly Grand Cru Millesimé Champagne Extra Brut 2016,12.0,0.75,73.36,97.813,0.123
0,Francois Mikulski Monthelie Toisieres 2020,13.0,0.75,79.94,106.587,0.122
0,Loimer Zöbing Heiligenstein Riesling Erste Lage 2013,13.5,0.75,82.98,110.64,0.122
0,Gosset Grand Blanc de Blancs Champagne Brut,12.0,0.75,73.50,98.0,0.122
0,Moric Schwemmer Lutzmannsburg 2020,13.0,0.75,79.90,106.533,0.122
0,Gorghi Tondi Grillodoro Passito 2016,13.5,0.5,55.20,110.4,0.122
0,Domaine Des Tourettes Hermitage 2020,14.5,0.75,89.30,119.067,0.122
0,Ridgeview Blanc de Blancs Brut 2016,12.0,0.75,73.90,98.533,0.122
0,Moric Kirchberg 2020,13.0,0.75,79.90,106.533,0.122
0,Pierre Mignon Grand Cru Blanc de Blancs Champagne Brut,12.0,0.75,73.74,98.32,0.122
0,Veuve Clicquot Champagne Brut,12.0,0.375,36.99,98.64,0.122
0,Brancaia Il Blu 2020,14.5,0.75,89.89,119.853,0.121
0,Bollinger Special Cuvée Champagne Brut,12.0,0.75,74.49,99.32,0.121
0,E. Pira e Figli Chiara Boschis Barolo Mosconi 2018,14.5,0.75,89.95,119.933,0.121
0,Duménil Special Club Premier Cru Champagne Brut 2018,12.0,0.75,74.60,99.467,0.121
0,Oddero Barolo Villero 2017,14.5,0.75,89.99,119.987,0.121
0,Errazuriz Don Maximiano Founder's Reserve 2015,14.0,0.75,86.48,115.307,0.121
0,Arnaldo Rivera Barolo Vignarionda 2018,14.5,0.75,89.95,119.933,0.121
0,Castellare di Castellina I Sodi di S. Niccolò 2019,14.0,0.75,87.12,116.16,0.121
0,Conterno Fantino Barolo Vigna del Gris 2018,14.0,0.75,86.57,115.427,0.121
0,Pol Roger Réserve Champagne Brut,12.5,9.0,927.27,103.03,0.121
0,Ferrer Bobet Selecció Especial Vinyes Velles 2018,14.5,0.75,90.13,120.173,0.121
0,Penfolds Bin 407 Cabernet Sauvignon 2020,14.5,0.75,89.98,119.973,0.121
0,Petit & Bajan Obsidienne Blanc de Noirs Grand Cru Champagne Brut,12.0,0.75,74.16,98.88,0.121
0,Palmer & Co Blanc de Noirs Champagne Brut,12.0,0.75,75.00,100.0,0.12
0,J-M Sélèque Soliste Pinot Noir Champagne Extra Brut 2016,12.5,0.75,77.99,103.987,0.12
0,Schäfer-Fröhlich Felseneck Riesling GG 2020,12.5,0.75,77.90,103.867,0.12
0,Drappier Carte d'Or Champagne Brut Jeroboam,12.0,3.0,299.99,99.997,0.12
0,Nederburg Private Bin Eminence Noble Late Harvest Muscadel 2009,10.5,0.375,32.90,87.733,0.12
0,Palmer & Co Blanc de Blancs Champagne Brut,12.0,0.75,75.00,100.0,0.12
0,Kamnik Terroir Vranec Grand Reserva 2015,16.0,0.75,99.99,133.32,0.12
0,Rémy Martin XO,40.0,1.5,499.99,333.327,0.12
0,J-M Sélèque Soliste Meunier Champagne Extra Brut 2016,12.5,0.75,77.99,103.987,0.12
0,Philippe et Arnaud Dubreuil Aloxe-Corton 1er Cru Les Paulands 2021,13.5,0.75,84.76,113.013,0.119
0,DuMOL Wester Reach Russian River Valley Pinot Noir 2020,14.0,0.75,88.29,117.72,0.119
0,Etienne Calsac Cuvée Rosé De Craie Champagne Extra Brut,12.0,0.75,75.33,100.44,0.119
0,Te Mata Estate Coleraine 2018,13.5,0.75,84.99,113.32,0.119
0,Etienne Calsac Les Rocheforts Premier Cru Blanc De Blancs Champagne Extra Brut,12.0,0.75,75.33,100.44,0.119
0,Ployez-Jacquemart Champagne Dosage Zero 2013,12.0,0.75,75.82,101.093,0.119
0,Tokaj-Oremus Furmint Petracs Single Vineyard 2019,13.5,0.75,85.00,113.333,0.119
0,Pol Roger Vintage Champagne Brut 2016,12.5,0.75,79.00,105.333,0.119
0,André Jacquart Mesnil Expérience Grand Cru Blanc de Blanc Champagne Extra Brut,12.5,0.75,79.46,105.947,0.118
0,Clos des Papes Chateaneuf du Pape Blanc 2021,14.0,0.75,88.95,118.6,0.118
0,Philipponnat Royale Réserve Rosé Champagne Brut,12.0,0.375,37.99,101.307,0.118
0,3 Fonteinen Schaarbeekse Kriek,6.3,0.75,40.01,53.347,0.118
0,Plener Eggstra 2019,14.0,0.75,89.30,119.067,0.118
0,Col di Lamo Brunello di Montalcino Riserva 2016,14.0,0.75,88.93,118.573,0.118
0,Ökonomierat Kastanienbusch Riesling GG 2018,13.5,0.75,85.99,114.653,0.118
0,Villa Huesgen Riesling Auslese 2020,8.5,0.5,35.98,71.96,0.118
0,Drappier Blanc de Blancs Grand Cru Champagne Brut 2016,12.0,0.75,75.99,101.32,0.118
0,Dal Forno Romano Valpolicella Superiore 2015,15.0,0.75,94.98,126.64,0.118
0,Johnnie Walker Blue Label,40.0,0.7,239.99,342.843,0.117
0,Giuseppe Quintarelli Valpolicella Classico Superiore 2015,15.0,0.75,95.86,127.813,0.117
0,Lanson Le Blanc de Blancs Champagne Brut,12.5,0.75,79.80,106.4,0.117
0,Abadía Retuerta Pago Valdebellón Cabernet Sauvignon 2015,14.5,0.75,92.93,123.907,0.117
0,Marguet Grand Cru Shaman Champagne Brut Nature 2019,12.5,0.75,79.82,106.427,0.117
0,Rene Collet Anthime Extreme Champagne Brut Nature 2014,12.5,0.75,79.94,106.587,0.117
0,Taittinger Prélude Grands Crus Champagne Brut,12.5,0.75,79.99,106.653,0.117
0,Gini Scajari Monte Serea Amarone della Valpolicella 2015,15.5,0.75,99.50,132.667,0.117
0,Taittinger Les Folies de la Marquetterie Champagne Brut,12.5,0.75,79.99,106.653,0.117
0,Gaja Brunello di Montalcino Pieve Santa Restituta 2018,14.5,0.75,92.93,123.907,0.117
0,Rene Collet Anthime Sensation Champagne Rose Extra Brut 2015,12.5,0.75,79.94,106.587,0.117
0,El Escolladero 2021,14.0,0.75,89.91,119.88,0.117
0,Charles Heidsieck Réserve Champagne Brut,12.0,0.375,38.94,103.84,0.116
0,Delas Seigneur de Maugiron Côte-Rôtie 2019,14.0,0.75,90.16,120.213,0.116
0,Monnet XXO,40.0,0.7,240.99,344.271,0.116
0,Le Carré 2015,14.5,0.75,94.00,125.333,0.116
0,Foradori Granato 2020,13.0,0.75,84.32,112.427,0.116
0,A.D Coutelas Cuvée 1809 Champagne Extra Brut,12.0,0.75,77.72,103.627,0.116
0,Vale D. Maria Vinha de Martim 2018,12.5,0.75,81.14,108.187,0.116
0,Henri Bourgeois Vendange de la Saint-Charles 2014,13.0,0.5,56.15,112.3,0.116
0,Ruinart Champagne Brut,12.0,0.75,77.98,103.973,0.115
0,Barrat-Masson Les Margannes Champagne Brut Nature 2018,12.5,0.75,81.21,108.28,0.115
0,Château Grenouilles Chablis Grand Cru 2020,13.0,0.75,85.00,113.333,0.115
0,Bonnet Ponson Les Vignes Dieu Blanc de Blancs Champagne Extra Brut 2012,12.0,0.75,78.39,104.52,0.115
0,Espectacle del Monsant 2017,15.5,0.75,101.12,134.827,0.115
0,Gonet Sulcova Cuvee Gaia Champagne Brut,12.0,0.75,78.58,104.773,0.115
0,Matthiasson Napa Valley Cabernet Franc 2020,12.0,0.75,78.39,104.52,0.115
0,Sukula Barolo Meriame 2017,14.5,0.75,94.88,126.507,0.115
0,Robert Mondavi Winery Oakville Cabernet Sauvignon 2018,14.5,0.75,95.48,127.307,0.114
0,André Clouet Un Jour de 1911 Champagne Brut,12.0,0.75,79.20,105.6,0.114
0,Nyetimber Blanc de Blancs Brut 2015,12.0,0.75,78.99,105.32,0.114
0,Charles Heidsieck Rosé Réserve Champagne Brut,12.0,0.75,78.99,105.32,0.114
0,Mortlach Special Release 2022 Single Malt,57.8,0.7,354.28,506.114,0.114
0,De Sousa Cuvée 3A Grand Cru Champagne Extra Brut,12.5,0.75,81.98,109.307,0.114
0,Clos des Papes Chateaneuf du Pape Blanc Magnum 2021,14.0,1.5,184.80,123.2,0.114
0,Bock Magnifico 2017,15.0,0.75,99.99,133.32,0.113
0,Palmer & Co Blanc de Noirs  Champagne Brut Magnum,12.0,1.5,159.00,106.0,0.113
0,Luce 2020,15.0,0.75,99.90,133.2,0.113
0,Palmer & Co Blanc de Blancs Magnum Champagne Brut,12.0,1.5,159.00,106.0,0.113
0,Nominé-Renard Special Club Champagne Brut 2014,12.0,0.75,79.70,106.267,0.113
0,Gratiot-Pillière Heritage Champagne Brut 2015,12.0,0.75,79.82,106.427,0.113
0,Chateau Angludet 2019,13.5,0.375,44.65,119.067,0.113
0,Frédéric Magnien Chambolle-Musigny 1er Cru Les Feusselottes 2017,13.0,0.75,86.45,115.267,0.113
0,Gaja Barolo Dagromis 2018,14.0,0.75,92.85,123.8,0.113
0,Mailly Grand Cru Champagne Brut Nature 2013,12.0,0.75,79.93,106.573,0.113
0,Thiénot x Penfolds Rosé Champagne Brut,12.0,0.75,79.98,106.64,0.113
0,Bass Phillip Estate Chardonnay 2020,13.6,0.75,89.99,119.987,0.113
0,Bollinger Spécial Cuvée Magnum Champagne Brut,12.0,1.5,158.99,105.993,0.113
0,Joseph Drouhin Vosne-Romanée 2018,13.5,0.75,89.89,119.853,0.113
0,L'Esprit de Maucoil Chateauneuf-du-Pape 2019,15.5,0.75,104.00,138.667,0.112
0,Billecart-Salmon Rosé Champagne Brut,12.0,0.75,80.00,106.667,0.112
0,Billecart-Salmon Sous Bois Champagne Brut,12.0,0.75,80.00,106.667,0.112
0,Deutz Classic Champagne Brut Mathusalem,12.0,6.0,645.71,107.618,0.112
0,Moët & Chandon Grand Vintage Champagne Brut 2015,12.5,0.75,83.89,111.853,0.112
0,Palmer & Co Réserve Jeroboam Champagne Brut,12.0,3.0,320.00,106.667,0.112
0,Chateau Bellevue 2018,15.0,0.75,100.32,133.76,0.112
0,Kolb Grüner Silvaner Eiswein 2018,7.5,0.375,25.10,66.933,0.112
0,Abadía Retuerta Pago Garduña Syrah 2016,14.5,0.75,96.89,129.187,0.112
0,Chateau Angludet 2002,13.5,0.75,90.16,120.213,0.112
0,The Glenrothes 2004 Single Cask #6095 Nordic Edition 2022 Single Malt,58.7,0.7,368.24,526.057,0.112
0,Baron de L 2018,13.5,0.75,90.98,121.307,0.111
0,Clos Alkio 2021,14.0,0.75,95.00,126.667,0.111
0,Legras & Haas Grand Cru Exigence No 10 Champagne Brut,12.5,0.75,84.37,112.493,0.111
0,Moric Lutzmannsburg Alte Reben 2016,14.0,0.75,94.59,126.12,0.111
0,Laurent Ponsot Beaune 1er Cru Cuvée du Noyer 2020,13.0,0.75,87.46,116.613,0.111
0,Highland Park 21 Year Old 2023 Release Single Malt,46.0,0.7,291.76,416.8,0.11
0,Gaja Rossj-Bass 2022,14.0,0.75,95.86,127.813,0.11
0,Château Clerc Milon 2015,13.5,0.75,92.09,122.787,0.11
0,Henri Giraud Hommage au Pinot Noir Champagne Brut,12.0,0.75,81.89,109.187,0.11
0,Pasqua Mai Dire Mai Amarone 2015,16.5,0.75,112.00,149.333,0.11
0,Marion-Bosser Premier Cru Champagne Brut 2013,12.5,0.75,86.04,114.72,0.109
0,Garzón Balasto 2015,14.5,0.75,99.99,133.32,0.109
0,Crisp IPA tölkki,0.5,0.33,1.52,4.606,0.109
0,Fritz Waßmer Schlossberg Staufen Chardonnay 2018,13.0,0.75,89.51,119.347,0.109
0,Brimoncourt MMIX Champagne Brut 2009,12.5,0.75,86.28,115.04,0.109
0,Bernard Lonclas Blanc de Blancs Vintage Champagne Extra Brut 2013,12.0,0.75,82.92,110.56,0.109
0,Crisp Vehnä tölkki,0.5,0.33,1.52,4.606,0.109
0,Krombacher Weizen Alkoholfrei,0.5,0.5,2.29,4.58,0.109
0,Bollinger Special Cuvée Champagne Brut Jeroboam,12.5,3.0,344.99,114.997,0.109
0,Marqués de Murrieta Dalmau 2017,14.5,0.75,99.99,133.32,0.109
0,Artadi San Lazaro 2020,14.5,0.75,99.99,133.32,0.109
0,Rivetto Barolo Leon Riserva 2017,14.5,0.75,101.00,134.667,0.108
0,Gaston Chiquet Special Club Champagne Brut 2014,12.5,0.75,86.99,115.987,0.108
0,Pierre Gimonnet Special Club Grands Terroirs de Chardonnay Champagne Brut 2016,12.5,0.75,86.50,115.333,0.108
0,Roland Lavantureux Chablis Grand Cru Vaudesir 2020,13.0,0.75,89.99,119.987,0.108
0,Ridgeview Oak Reserve Single Vineyard Chardonnay Brut,12.0,0.75,82.95,110.6,0.108
0,Quinta Vale D. Maria Vinha Da Francisca 2014,14.0,0.75,97.51,130.013,0.108
0,Le Carré 2016,15.0,0.75,105.59,140.787,0.107
0,Legras & Haas Grand Cru Blanc de Blanc Millesime Champagne Brut 2015,12.5,0.75,87.70,116.933,0.107
0,Moric Lutzmannsburg Alte Reben 2017,13.5,0.75,94.81,126.413,0.107
0,Loriot-Pagel Special Club Champagne Brut 2015,12.5,0.75,87.79,117.053,0.107
0,The Benriach 25 Year Old Single Malt,46.0,0.7,301.99,431.414,0.107
0,Baumann-Zirgel Sélection Grains Nobles Pinot Gris 2016,12.0,0.5,55.90,111.8,0.107
0,Dalva Colheita Tawny Port 1985,20.0,0.75,139.90,186.533,0.107
0,Gonet Sulcova Cuvee Gaia Grand Cru Champagne Brut 2002,12.0,1.5,168.37,112.247,0.107
0,Rocas de Sena 2020,14.0,0.75,99.15,132.2,0.106
0,Trinite Estate Acaibo 2014,14.0,0.75,99.00,132.0,0.106
0,La Condenada 2021,14.0,0.75,98.91,131.88,0.106
0,E. Guigal Condrieu La Doriane 2021,14.5,0.75,103.00,137.333,0.106
0,Billecart-Salmon Vintage Champagne Extra Brut  2013,12.0,0.75,84.80,113.067,0.106
0,William Fevre Chablis Grand Cru Bougros 2020,13.0,0.75,92.80,123.733,0.105
0,Leclerc Briant Premier Cru Champagne Extra Brut 2015,12.0,0.75,85.95,114.6,0.105
0,Billecart-Salmon Blanc de Blancs Grand Cru Champagne Brut,12.0,0.75,86.00,114.667,0.105
0,Bouchard Père & Fils Beaune Clos Saint-Landry Premier Cru Monopole 2019,14.0,0.75,99.98,133.307,0.105
0,Sandrone Le Vigne Barolo 2012,14.0,0.75,100.25,133.667,0.105
0,Chanson Clos des Mouches Beaune 1er Cru 2017,13.5,0.75,96.29,128.387,0.105
0,Nittnaus Eiswein Exquisit 2021,9.0,0.375,32.11,85.627,0.105
0,Lombard Cramant Grand Cru Champagne Brut Nature 2015,12.5,0.75,89.89,119.853,0.104
0,Pol Roger Rosé Champagne Brut 2018,12.5,0.75,89.98,119.973,0.104
0,Gut Hermannsberg Riesling Kupfergrube GG 2017,12.5,0.75,89.98,119.973,0.104
0,Wynns Coonawarra Estate Michael Shiraz 2016,13.8,0.75,99.89,133.187,0.104
0,Perrier-Jouët Blanc de Blancs Champagne Brut,12.5,0.75,89.98,119.973,0.104
0,Ardbeg Traigh Bhan 19 Year Old Batch 5 Single Malt,46.2,0.7,309.98,442.829,0.104
0,Henriet-Bazin Grand Cru Arsène Champagne Extra Brut 2015,12.5,0.75,89.89,119.853,0.104
0,De Sousa Mycorhize Grand Cru Champagne Extra Brut,12.5,0.75,89.99,119.987,0.104
0,Cameronbridge 26 Year Old Special Release 2022 Single Grain,56.2,0.7,379.31,541.871,0.104
0,Larmandier-Bernier Terre de Vertus Blanc de Blancs Premier Cru Champagne Brut Nature 2015,12.5,0.75,89.99,119.987,0.104
0,Marguet Grand Cru Ambonnay Champagne Brut Nature 2017,12.5,0.75,90.22,120.293,0.104
0,Besserat de Bellefon Blanc de Blancs Champagne Brut,12.5,0.75,89.90,119.867,0.104
0,Besserat de Bellefon Millésime Champagne Brut 2008,12.5,0.75,89.90,119.867,0.104
0,Besserat de Bellefon Grand Cru Blanc de Noirs Champagne Brut,12.5,0.75,89.91,119.88,0.104
0,JM Seleque Soliste Chardonnay Champagne Extra Brut 2016,12.5,0.75,89.99,119.987,0.104
0,Paolo Scavino Barolo Bric dël Fiasc 2018,15.0,0.75,109.20,145.6,0.103
0,Louis Latour Nuits-Saint-Georges 1er Cru Les Damodes 2017,13.5,0.75,99.00,132.0,0.102
0,Moric Maissner Lutzmannsburg 2020,13.0,0.75,95.95,127.933,0.102
0,Château Clerc Milon 2018,14.5,0.75,106.26,141.68,0.102
0,Palmer & Co Grands Terroirs Champagne Brut 2015,12.0,0.75,88.00,117.333,0.102
0,Louis Roederer Vintage Champagne Brut 2015,12.5,0.75,91.98,122.64,0.102
0,Huré Frères Mémoire Champagne Extra Brut,12.0,0.75,87.99,117.32,0.102
0,Louis Latour Vosne-Romanée 2022,13.5,0.75,99.00,132.0,0.102
0,Aalto P.S. 2021,15.0,0.75,109.98,146.64,0.102
0,Clos des Papes Chateaneuf du Pape 2021,15.0,0.75,109.90,146.533,0.102
0,Clos des Papes Chateaneuf du Pape 2020,15.0,0.75,109.90,146.533,0.102
0,Bruno Paillard Première Cuvée Rosé Champagne Extra Brut,12.0,0.75,89.27,119.027,0.101
0,Pertois-Lebrun Derrière le Mont Aigu Chouilly Grand Cru Blanc de Blancs N°14 Champagne Extra-Brut		 2014,12.0,0.75,88.90,118.533,0.101
0,Becker Kammerberg Zensiert 2016,13.5,0.75,99.99,133.32,0.101
0,Guy Charlemagne Mesnillèsime Champagne Brut  2014,12.0,0.75,89.00,118.667,0.101
0,Dourakis Euphoria 2021,10.5,0.5,51.90,103.8,0.101
0,Boizel Grand Vintage Champagne Brut 2013,12.0,0.75,88.93,118.573,0.101
0,Moric Krcsi Zagersdorf 2011,13.5,0.75,99.91,133.213,0.101
0,Laurent-Perrier Millésimé Magnum Champagne Brut 2012,12.0,1.5,179.98,119.987,0.1
0,Veuve Clicquot Extra Old 3 Champagne Extra Brut,12.0,0.75,89.99,119.987,0.1
0,Laurent-Perrier Champagne Ultra Brut,12.0,0.75,89.99,119.987,0.1
0,de Venoge Princes Champagne Rosé Brut,12.0,0.75,89.99,119.987,0.1
0,Veuve Clicquot Vintage Champagne Brut 2015,12.5,0.75,93.98,125.307,0.1
0,Le Carré 2017,13.0,0.75,97.96,130.613,0.1
0,Dumangin Le Vintage Champagne Extra Brut 2009,12.0,0.75,89.68,119.573,0.1
0,Van Zellers & Co over 40 Years Very Old Tawny Port,20.0,0.75,149.77,199.693,0.1
0,Moric Lutzmannsburg Alte Reben 2012,14.0,0.75,104.81,139.747,0.1
0,Marguet Blanc De Noirs Grand Cru Bouzy Champagne Brut Nature  2017,12.0,0.75,90.22,120.293,0.1
0,Marguet Blanc De Noirs Grand Cru Verzenay Champagne Brut Nature 2017,12.0,0.75,90.22,120.293,0.1
0,Billecart-Salmon Rosé Champagne Brut Magnum,12.0,1.5,180.00,120.0,0.1
0,Marguet Blanc De Blancs Grand Cru Oger Champagne Brut Nature 2017,12.0,0.75,90.22,120.293,0.1
0,Corbon D'Autrefois Champagne Brut,12.0,0.75,89.99,119.987,0.1
0,Mendel Finca los Andes Malbec 2020,14.5,0.75,109.00,145.333,0.1
0,Henriet-Bazin Hypolite Blanc de Blancs Premier Cru Champagne Extra Brut 2014,12.5,0.75,94.19,125.587,0.1
0,L'Aventure Côte a Côte 2018,16.0,0.75,119.99,159.987,0.1
0,Etienne Calsac Côteaux Champenois 2020,12.0,0.75,90.32,120.427,0.1
0,Laroche Chablis Grand Cru Les Blanchots 2021,12.5,0.75,94.49,125.987,0.099
0,Nederburg Private Bin Edelkeur Chenin Blanc Noble Late Harvest 2012,9.5,0.375,35.90,95.733,0.099
0,Le Carré 2018,14.5,0.75,109.70,146.267,0.099
0,Taylor's 30 Year Old Tawny Port,20.0,0.75,151.99,202.653,0.099
0,Moët & Chandon Grand Vintage Rosé Champagne Brut 2015,12.5,0.75,94.49,125.987,0.099
0,Vale D. Maria Vinha de Martim 2020,13.0,0.75,99.15,132.2,0.098
0,Drappier Quattuor Blanc de Quatre Blancs Champagne Brut,12.0,0.75,91.98,122.64,0.098
0,Albert Bichot Domaine Long-Depaquit Chablis Grand Cru Les Vaudésirs  2018,13.0,0.75,99.00,132.0,0.098
0,Saxenburg Shiraz Select 2015,14.5,0.75,110.60,147.467,0.098
0,Albert Bichot Domaine Long-Depaquit Chablis Grand Cru Les Vaudésirs 2019,13.0,0.75,99.00,132.0,0.098
0,Bouchard Père & Fils Volnay Les Caillerets 1er Cru Ancienne Cuvée Carnot 2018,13.0,0.75,99.89,133.187,0.098
0,Braastad Extra,40.0,0.7,284.99,407.129,0.098
0,Clos des Papes Chateaneuf du Pape Magnum 2020,15.0,1.5,229.49,152.993,0.098
0,Pommery Grand Cru Royal Millesime Champagne Brut 2008,12.5,0.75,95.98,127.973,0.098
0,Clos des Papes Chateaneuf du Pape Magnum 2021,15.0,1.5,229.49,152.993,0.098
0,Arpepe Sassella Rocce Rosse Riserva 2016,13.0,0.75,99.99,133.32,0.098
0,Simonnet-Febvre Chablis Grand Cru Preuses 2020,13.0,0.75,99.00,132.0,0.098
0,Errazuriz Las Pizarras Pinot Noir 2018,13.0,0.75,100.20,133.6,0.097
0,Moric Lutzmannsburg Alte Reben 2013,13.5,0.75,104.81,139.747,0.097
0,Bruno Rocca Rabaja Barbaresco 2019,14.0,0.75,108.52,144.693,0.097
0,DuMOL Wildrose Estate Vineyard Sonoma Coast Pinot Noir 2019,14.5,0.75,111.83,149.107,0.097
0,Caroline Parent Gevrey Chambertin 2020,14.0,0.75,109.50,146.0,0.096
0,Blossa Ekologisk Alkoholfri Glögg,0.5,0.75,3.89,5.187,0.096
0,Christian Drouin Les Millésimés Calvados 1982,42.0,0.7,307.01,438.586,0.096
0,Palmer & Co Réserve Champagne Brut Mathusalem,12.0,6.0,749.00,124.833,0.096
0,Ettore Germano Barolo Lazzarito Riserva 2015,14.0,0.75,109.88,146.507,0.096
0,Domaine Heresztyn-Mazzini Gevrey-Chambertin Vieilles Vignes 2021,13.0,0.75,101.55,135.4,0.096
0,Alter Ego 2017,13.0,0.75,101.76,135.68,0.096
0,Château Clerc Milon 2016,13.5,0.75,105.90,141.2,0.096
0,Bollinger Rosé Champagne Brut,12.0,0.75,94.49,125.987,0.095
0,Pol Roger Blanc de Blancs Champagne Brut 2015,12.5,0.75,99.00,132.0,0.095
0,Bass Phillip Premium Chardonnay 2017,14.0,0.75,109.98,146.64,0.095
0,Charles Heidsieck Vintage Champagne Brut 2013,12.5,0.75,98.98,131.973,0.095
0,Philipponnat Grand Blanc Champagne Extra-Brut 2015,12.5,0.75,98.98,131.973,0.095
0,Château Clerc Milon 2017,13.5,0.75,106.97,142.627,0.095
0,Louis Roederer et Philippe Starck Rosé Champagne Brut Nature 2015,12.5,0.75,99.99,133.32,0.094
0,Château Duhart-Milon 2018,14.5,0.75,115.43,153.907,0.094
0,Loimer Muskateller Trockenbeerenauslese 2015,9.5,0.375,37.90,101.067,0.094
0,Louis Roederer et Philippe Starck Champagne Brut Nature 2015,12.5,0.75,99.99,133.32,0.094
0,Ruinart Blanc de Blancs Champagne Brut,12.5,0.75,99.99,133.32,0.094
0,Louis Roederer Blanc de Blancs Champagne Brut 2016,12.5,0.75,99.99,133.32,0.094
0,Varpu Alkoholiton Mustikkaglögi viinipussi,0.5,1.5,7.99,5.327,0.094
0,Ruinart Rosé Champagne Brut,12.5,0.75,99.99,133.32,0.094
0,JM Seleque Partition Champagne Extra Brut 2017,12.5,0.75,99.99,133.32,0.094
0,Ployez-Jacquemart Blanc de Blancs Vintage Champagne Extra Brut 2010,12.0,0.75,95.77,127.693,0.094
0,Ployez-Jacquemart AB390 Vintage Champagne Extra Brut 2016,12.0,0.75,95.90,127.867,0.094
0,Torbreck Descendant 2020,15.0,0.75,119.99,159.987,0.094
0,Ployez-Jacquemart Vintage Champagne Extra Brut 2009,12.0,0.75,95.90,127.867,0.094
0,Ployez-Jacquemart Blanc de Noirs Champagne Vintage Extra Brut 2015,12.0,0.75,95.77,127.693,0.094
0,Veuve Clicquot Vintage Rosé Champagne Brut 2015,12.5,0.75,99.85,133.133,0.094
0,Chateau de Montifaud Extra Jens,40.0,0.7,302.43,432.043,0.093
0,Château Trotte Vieille 2016,14.0,0.75,112.88,150.507,0.093
0,Deutz Blanc de Blancs Champagne Brut 2017,12.0,0.75,96.85,129.133,0.093
0,Gini Scajari Amarone della Valpolicella Riserva 2011,16.0,0.75,129.10,172.133,0.093
0,Château Kirwan 2016,13.5,0.75,109.98,146.64,0.092
0,Domaine Belle Hermitage 2020,15.0,0.75,122.27,163.027,0.092
0,Domaine Belle Hermitage Blanc 2022,13.5,0.75,109.95,146.6,0.092
0,Château Duhart-Milon 2017,12.5,0.75,101.76,135.68,0.092
0,Bruno Paillard Blanc de Blancs Grand Cru Champagne Extra Brut,12.0,0.75,97.51,130.013,0.092
0,Cono Sur Silencio Cabernet Sauvignon 2010,13.3,0.75,109.00,145.333,0.092
0,Vieux Château Mazerat 2014,13.5,0.75,110.15,146.867,0.092
0,Stephan Vineyards L'Aventure Estate Cuvée 2018,16.0,0.75,130.22,173.627,0.092
0,Barons de Rothschild Blanc de Blanc Champagne Brut,12.0,0.75,98.00,130.667,0.092
0,Vieux Château Mazerat 2015,14.5,0.75,119.19,158.92,0.091
0,Château Duhart-Milon 2016,14.0,0.75,114.76,153.013,0.091
0,Nadal de Boadella RNG20 Brut Nature 1997,12.0,1.5,198.75,132.5,0.091
0,Vollereaux Cuvée Marguerite Rosé Champagne Brut 2012,12.0,0.75,99.00,132.0,0.091
0,Tecedeiras Único 2018,14.5,0.75,119.90,159.867,0.091
0,Louis Roederer Rosé Champagne Brut 2016,12.0,0.75,98.98,131.973,0.091
0,Philipponnat Blanc de Noirs Champagne Extra-Brut 2016,12.0,0.75,98.98,131.973,0.091
0,Bass Phillip Pinot Noir 2020,14.5,0.75,119.99,159.987,0.091
0,La Chapelle de La Mission Haut-Brion 2015,14.5,0.75,119.28,159.04,0.091
0,Barrat-Masson Les Volies Champagne Brut Nature 2017,12.5,0.75,103.51,138.013,0.091
0,Shafer One Point Five 2018,15.0,0.75,124.90,166.533,0.09
0,Laurent-Perrier Cuvée Rosé Champagne Brut,12.0,0.75,99.99,133.32,0.09
0,Huré Frères 4 éléments Pinot Noir Champagne Extra Brut 2015,12.0,0.75,99.99,133.32,0.09
0,Domaine Faiveley Nuits-Saint-Georges 1er Cru Les Porêts-Saint-Georges 2018,13.5,0.75,111.98,149.307,0.09
0,Drappier Grande Sendrée Champagne Brut 2012,12.0,0.75,99.99,133.32,0.09
0,Reserva Particular de Recaredo Corpinnat Brut Nature 2009,12.0,0.75,99.99,133.32,0.09
0,Palmer & Co Grands Terroirs Champagne Brut Magnum 2015,12.0,1.5,200.00,133.333,0.09
0,Les Astéries 2013,12.5,0.75,103.60,138.133,0.09
0,Bollinger Rosé Champagne Brut Magnum,12.0,1.5,199.98,133.32,0.09
0,Bollinger Rose Champagne Brut Jeroboam,12.0,3.0,399.98,133.327,0.09
0,Bass Phillip Pinot Noir 2017,14.5,0.75,120.46,160.613,0.09
0,Henriot Millésime Champagne Brut 2012,12.0,0.75,99.98,133.307,0.09
0,Pierre Mignon Gold Prestige Cuvée Champagne Brut,12.0,0.75,100.79,134.387,0.089
0,The Macallan Rare Cask Single Malt,43.0,0.7,336.65,480.929,0.089
0,Graham's The Stone Terraces Vintage Port 2015,20.0,0.75,169.00,225.333,0.089
0,Louis Latour Chambolle-Musigny 2017,13.0,0.75,109.00,145.333,0.089
0,Shafer Relentless 2017,15.5,0.75,129.98,173.307,0.089
0,3 Fonteinen Hommage,5.5,0.375,23.53,62.747,0.088
0,Chiara Boschis Barolo Cannubi 2018,14.0,0.75,119.30,159.067,0.088
0,La Chapelle de La Mission Haut-Brion 2018,14.5,0.75,124.86,166.48,0.087
0,Quinta do Noval Vintage Port 2000,20.0,0.75,172.20,229.6,0.087
0,Penfolds St Henri Shiraz 2020,14.5,0.75,124.95,166.6,0.087
0,Vasse Felix Tom Cullity 2014,14.5,0.75,125.00,166.667,0.087
0,A.D. Coutelas Cuvée Rebel Champagne Extra Brut 2011,12.0,0.75,103.91,138.547,0.087
0,Moric Lutzmannsburg Alte Reben 2019,13.5,0.75,115.89,154.52,0.087
0,Matthiasson Dead Fred Vineyard Napa Valley Cabernet Sauvignon 2019,13.5,0.75,116.32,155.093,0.087
0,Penfolds St Henri Shiraz 2019,14.5,0.75,124.98,166.64,0.087
0,Pommery Royal Champagne Brut Jeroboam,12.5,3.0,429.00,143.0,0.087
0,Penfolds St Henri Shiraz 2018,14.5,0.75,124.98,166.64,0.087
0,Oxer Bastegieta Zenigaonaindia Tartalo 2019,14.5,0.75,125.79,167.72,0.086
0,Stags’ Leap The Leap Cabernet Sauvignon 2019,14.5,0.75,125.90,167.867,0.086
0,Chanson Corton Grand Cru Les Vergennes 2020,13.0,0.75,112.73,150.307,0.086
0,The Macallan Double Cask 18 Year Old Single Malt,43.0,0.7,351.65,502.357,0.086
0,Domaine Faiveley Puligny-Montrachet 1er Cru Champ Gain 2016,13.0,0.75,114.98,153.307,0.085
0,Martha's 30 Years Old Tawny Port,20.0,0.75,176.00,234.667,0.085
0,Camille Giroud Volnay Premier Cru Lurets 2013,12.5,0.75,110.30,147.067,0.085
0,Vieux Château Mazerat 2013,13.5,0.75,119.50,159.333,0.085
0,Égérie de Pannier Champagne Extra Brut 2012,12.0,0.75,105.40,140.533,0.085
0,Legras & Haas Grand Cru Blanc de Blanc Millesime Champagne Brut Jeroboam 2015,12.5,3.0,442.71,147.57,0.085
0,Moric Neckenmarkt Alte Reben 2012,13.5,0.75,118.90,158.533,0.085
0,Les Astéries 2014,13.5,0.75,119.19,158.92,0.085
0,Moët & Chandon Impérial Champagne Brut Mathusalem,12.0,6.0,844.36,140.727,0.085
0,Louis Latour Puligny-Montrachet 1er Cru Sous le Puits 2020,13.5,0.75,119.00,158.667,0.085
0,La Clarté de Haut-Brion 2017,14.0,0.75,124.12,165.493,0.085
0,Pio Cesare Barolo Ornato 2019,14.5,0.75,130.00,173.333,0.084
0,Bibi Graetz Testamatta 2019,14.0,0.75,124.95,166.6,0.084
0,Mazzei Siepi 2021,14.5,0.75,128.88,171.84,0.084
0,Michele Chiarlo Barolo Cannubi 2017,14.0,0.75,125.00,166.667,0.084
0,La Clarté de Haut-Brion 2018,14.0,0.75,124.41,165.88,0.084
0,Antinori Tignanello 2020,14.5,0.75,129.99,173.32,0.084
0,Vieux Château Mazerat 2016,15.0,0.75,133.84,178.453,0.084
0,Clausthaler Original,0.5,0.33,1.97,5.97,0.084
0,Hugues Godme Les Alouettes Saint Bets Premier Cru Champagne Extra Brut 2010,12.0,0.75,108.72,144.96,0.083
0,Louis M. Martini Monte Rosso Vineyard Cabernet Sauvignon 2016,15.3,0.75,139.00,185.333,0.083
0,Les Astéries 2015,15.0,0.75,135.45,180.6,0.083
0,Gaja Alteni di Brassica 2017,13.5,0.75,122.05,162.733,0.083
0,Drappier Carte d'Or Champagne Brut Salomon,12.5,18.0,2700.00,150.0,0.083
0,Chapuy Unique Oger Chardonnay Grand Cru Champagne Brut Nature 2014,12.5,0.75,114.16,152.213,0.082
0,La Chapelle de La Mission Haut-Brion 2017,13.5,0.75,124.12,165.493,0.082
0,Les Astéries 2012,13.5,0.75,123.30,164.4,0.082
0,Laurent-Perrier Cuvée Rosé Champagne Brut Metal Jacket,12.0,0.75,109.98,146.64,0.082
0,Louis Moreau Chablis Grand Cru Les Clos des Hospices 2020,13.0,0.75,118.80,158.4,0.082
0,La Clarté de Haut-Brion 2016,13.5,0.75,123.88,165.173,0.082
0,Boizel Blanc de Blancs Champagne Brut 2006,12.0,0.75,109.88,146.507,0.082
0,Vieux Château Mazerat 2012,13.5,0.75,123.30,164.4,0.082
0,Prinz Von Hessen Goldstück Riesling Beerenauslese 2011,11.5,0.375,52.99,141.307,0.081
0,E. Guigal Château d’Ampuis Côte-Rôtie 2018,14.0,0.75,129.98,173.307,0.081
0,Brännland Iscider Barrique 2017,9.5,0.187,21.99,117.594,0.081
0,Bunnahabhain 25 Year Old Single Malt,46.3,0.7,399.99,571.414,0.081
0,Veuve Clicquot Champagne Brut Mathusalem,12.0,6.0,894.02,149.003,0.081
0,Moric Lutzmannsburg Alte Reben 2020,13.0,0.75,119.89,159.853,0.081
0,Vieux Château Mazerat 2017,13.5,0.75,124.41,165.88,0.081
0,Alexandre Bonnet La Géande 7 Cépages Champagne Brut Nature 2018,12.5,0.75,117.00,156.0,0.08
0,Pio Cesare Barolo Mosconi 2019,14.5,0.75,136.50,182.0,0.08
0,Veuve Clicquot Champagne Brut Salmanazar,12.0,9.0,1343.53,149.281,0.08
0,Balthasar Ress Oestrich Doosberg Rheingau Riesling Auslese 1989,9.5,0.75,89.00,118.667,0.08
0,Abadía Retuerta PV Petit Verdot 2015,15.0,0.75,139.97,186.627,0.08
0,Mailly Grand Cru L'intemporelle Champagne Brut Magnum 2016,12.0,1.5,224.76,149.84,0.08
0,Torbreck Les Amis 2017,15.0,0.75,140.21,186.947,0.08
0,Château Valandraud 2012,14.5,0.75,138.10,184.133,0.079
0,Laherte Freres Empreintes Champagne Extra Brut 2017,12.5,0.75,119.96,159.947,0.078
0,Royal City Syrah 2014,14.5,0.75,139.00,185.333,0.078
0,Artadi La Poza de Ballesteros 2019,14.5,0.75,139.90,186.533,0.078
0,Veuve Clicquot Champagne Brut Jeroboam,12.0,3.0,459.51,153.17,0.078
0,Kalleske Johann Georg Shiraz 2003,15.5,0.75,151.15,201.533,0.077
0,Stowford Press Low Alcohol Cider,0.5,0.33,2.14,6.485,0.077
0,Caroline Parent Vosne Romanee 2020,14.0,0.75,135.50,180.667,0.077
0,Masi Campolongo di Torbe Amarone della Valpolicella Classico 2013,16.0,0.75,156.98,209.307,0.076
0,Masi Mazzano Amarone della Valpolicella Classico 2011,16.0,0.75,156.98,209.307,0.076
0,Don Melchor Cabernet Sauvignon 2020,14.5,0.75,143.98,191.973,0.076
0,Lervig No Worries,0.5,0.33,2.19,6.636,0.075
0,La Chapelle de La Mission Haut-Brion 2016,13.5,0.75,135.38,180.507,0.075
0,Dreissigacker Bechtheimer Heilig-Kreuz Rieslaner Beerenauslese 2015,8.0,0.375,39.98,106.613,0.075
0,Vale D. Maria Tinto Magnum 2015,15.0,1.5,300.20,200.133,0.075
0,The Macallan Sherry Oak Cask 18 Years Old Single Malt 2023 Release,43.0,0.7,401.65,573.786,0.075
0,Clos Alkio Fulles Daurades 2021,14.0,0.75,139.89,186.52,0.075
0,Vale D. Maria Tinto Magnum 2011,15.0,1.5,300.20,200.133,0.075
0,Billecart-Salmon Les Rendez Vous #3 Champagne Extra Brut,12.0,0.75,119.99,159.987,0.075
0,Vale D. Maria Tinto Magnum 2013,15.0,1.5,300.20,200.133,0.075
0,Vale D. Maria Tinto Magnum 2012,15.0,1.5,300.20,200.133,0.075
0,Kweichow Moutai Flying Fairy,53.0,0.5,357.35,714.7,0.074
0,Ca' Del Bosco Cuvée Annamaria Clementi Franciacorta Riserva Brut 2014,13.0,0.75,131.00,174.667,0.074
0,Exsto Elixir Cognac,40.0,0.7,379.13,541.614,0.074
0,Les Astéries 2016,15.0,0.75,152.76,203.68,0.074
0,Le Dôme 2013,13.5,0.75,136.93,182.573,0.074
0,Viñas del Jaro Sed de Caná Tinto Fino 2018,14.5,0.75,149.00,198.667,0.073
0,Etienne Calsac Les Revenants Champagne Brut Nature,12.0,0.75,122.98,163.973,0.073
0,Schales Weisser Burgunder Beerenauslese 1994,9.5,0.5,65.02,130.04,0.073
0,Louis Latour Château Corton Grancey Grand Cru 2016,13.5,0.75,139.00,185.333,0.073
0,Drappier Grande Sendrée Rosé Champagne Brut 2010,12.0,0.75,124.99,166.653,0.072
0,Le Dôme 2014,13.5,0.75,140.83,187.773,0.072
0,Les Astéries 2017,13.5,0.75,141.38,188.507,0.072
0,Palmer & Co Réserve Champagne Brut Nabuchodonosor,12.0,15.0,2500.00,166.667,0.072
0,Bollinger PN AYC18 Champagne Brut,12.5,0.75,129.98,173.307,0.072
0,Le Dôme 2012,13.5,0.75,142.20,189.6,0.071
0,Château Montus La Tyre 2010,15.5,0.75,164.89,219.853,0.071
0,Les Astéries 2018,15.0,0.75,158.87,211.827,0.071
0,Bruichladdich Black Art 10 Single Malt,45.1,0.7,450.00,642.857,0.07
0,François Diligent Grande Oenothèque Vintage Champagne Brut Nature 2002,12.0,0.75,127.99,170.653,0.07
0,Jim Barry The Armagh Shiraz 2014,14.0,0.75,149.00,198.667,0.07
0,Vega-Sicilia Valbuena 5 2018,14.5,0.75,155.50,207.333,0.07
0,Camille Giroud Corton Les Renardes Grand Cru 2019,14.0,0.75,149.00,198.667,0.07
0,Hospices de Beaune Cuvée Nicolas Rolin 2015,13.5,0.75,147.00,196.0,0.069
0,Cazes Rivesaltes 1960,15.5,0.75,168.98,225.307,0.069
0,Põhjala Virmalised 0 IPA tölkki,0.5,0.33,2.43,7.364,0.068
0,Taylor's 40 Year Old Tawny Port,20.0,0.75,220.98,294.64,0.068
0,Les Millésimes de Christian Drouin Calvados 1971,42.0,0.7,435.01,621.443,0.068
0,BrewDog Nanny State,0.5,0.33,2.43,7.364,0.068
0,Schloss Sommerau Weisswein Alkoholfrei,0.5,0.75,5.49,7.32,0.068
0,Legras & Haas Grand Cru Blanc de Blanc Sillons Champagne Extra Brut 2014,12.5,0.75,140.22,186.96,0.067
0,Wynns John Riddoch Cabernet Sauvignon 2019,13.5,0.375,75.90,202.4,0.067
0,Martha's 40 Years Old Tawny Port,20.0,0.75,224.00,298.667,0.067
0,Vilmart & Cie Coeur de Cuvée Premier Cru Champagne Brut 2013,12.5,0.75,139.50,186.0,0.067
0,Gevrey-Chambertin 1er Cru La Petite-Chapelle 2018,13.5,0.75,150.10,200.133,0.067
0,Gustave Lorentz Riesling Grand Cru Altenberg de Bergheim Sélection de Grains Nobles 2015,13.0,0.5,99.00,198.0,0.066
0,Two Hands Ares Barossa Valley Shiraz 2014,14.5,0.75,164.98,219.973,0.066
0,Veuve Clicquot Champagne Brut Balthazar,12.0,12.0,2198.10,183.175,0.066
0,Le Dôme 2015,14.5,0.75,164.23,218.973,0.066
0,Le Clarence de Haut-Brion 2015,14.5,0.75,164.38,219.173,0.066
0,Domaine Faiveley Gevrey-Chambertin 1er Cru Les Cazetiers 2017,13.0,0.75,149.98,199.973,0.065
0,Penfolds RWT Bin 798 2020,14.5,1.5,332.43,221.62,0.065
0,Zuccardi Finca Piedra Infinita 2017,14.5,0.75,169.98,226.64,0.064
0,Penfolds RWT Bin 798 2018,14.5,0.75,169.98,226.64,0.064
0,Domaine des Bosquets Gigondas Le Regard Loin 2021,15.0,0.75,174.90,233.2,0.064
0,Château Valandraud 2017,15.0,0.75,174.98,233.307,0.064
0,Quinta Vale D. Maria Vinha do Rio 2015,14.5,1.5,340.01,226.673,0.064
0,Etienne Calsac Clos Des Maladries Grand Cru Avize Champagne Brut Nature 2018,12.0,0.75,140.17,186.893,0.064
0,BrewDog Punk IPA Alcohol Free,0.5,0.33,2.58,7.818,0.064
0,Château Canon 2018,14.5,0.75,169.68,226.24,0.064
0,Nicolas Feuillatte Palmes d'Or Champagne Brut 2008,12.5,0.75,149.98,199.973,0.063
0,Thornbridge Zero Five,0.5,0.33,2.62,7.939,0.063
0,Ystävän Glögi Puolukka-Punaherukka,0.5,0.5,3.99,7.98,0.063
0,Laurent-Perrier Grand Siècle Champagne Brut,12.5,1.5,299.81,199.873,0.063
0,Bruichladdich Black Art 11 Single Malt 1998,44.2,0.7,490.00,700.0,0.063
0,Laurent-Perrier La Cuvée Brut Salmanazar,12.5,9.0,1799.82,199.98,0.063
0,Penfolds Magill Estate Shiraz 2018,14.5,0.75,174.91,233.213,0.062
0,Taylor's Single Harvest 1969 1969,20.5,0.75,249.88,333.173,0.062
0,Boizel Joyau de France Champagne Brut 2004,12.0,0.75,144.99,193.32,0.062
0,Dubreuil Corton Grand Cru Les Grandes Lolières 2021,13.5,0.75,163.51,218.013,0.062
0,Christian Drouin Les Millésimés Calvados 1972,42.0,0.7,474.00,677.143,0.062
0,Penfolds Magill Estate Shiraz 2019,14.5,0.75,174.80,233.067,0.062
0,Vilmart & Cie Emotion Champagne Rosé Brut 2014,12.5,0.75,150.00,200.0,0.062
0,Joseph Drouhin Corton-Charlemagne Grand Cru 2018,14.0,0.75,173.00,230.667,0.061
0,Patricius Tokaj Aszú 6 Puttonyos 2017,11.0,0.5,90.01,180.02,0.061
0,Château Quintus 2015,15.0,0.75,184.34,245.787,0.061
0,Laurent-Perrier La Cuvée Brut Balthazar,12.0,12.0,2399.82,199.985,0.06
0,Château Quintus 2017,14.5,0.75,182.66,243.547,0.06
0,Gérard Bertrand Legend Vintage Rivesaltes 1969,16.0,0.75,199.00,265.333,0.06
0,Joseph Perrier Cuvée Royale Vintage Champagne Brut 2002,12.0,0.75,149.98,199.973,0.06
0,Ployez-Jacquemart Granite Champagne Extra Brut,12.0,0.75,149.78,199.707,0.06
0,Torbreck Runrig 2017,15.0,0.75,189.00,252.0,0.06
0,Philipponnat 1522 Grand Cru Champagne Extra-Brut 2016,12.0,0.75,149.98,199.973,0.06
0,Château Pontet-Canet 2017,13.0,0.75,162.18,216.24,0.06
0,Castell d'Encus Saktih 2016,14.0,0.75,176.19,234.92,0.06
0,Château Quintus Rouge 2016,15.0,0.75,191.80,255.733,0.059
0,Big Drop Poolside DDH IPA tölkki,0.5,0.33,2.79,8.455,0.059
0,Pierre Mignon Cœur d'Or Millésimé Champagne Brut 2010,12.0,0.75,151.68,202.24,0.059
0,Penet-Chardonnet La Croix l’Aumonier Grand Cru Champagne Extra Brut 2011,12.5,0.75,159.78,213.04,0.059
0,Beringer Private Reserve Cabernet Sauvignon 2016,15.5,0.75,199.89,266.52,0.058
0,Leclerc Briant La Croisette Champagne Brut Zéro 2014,12.0,0.75,154.99,206.653,0.058
0,Jacopo Biondi Santi Schidione 2016,13.5,0.75,175.22,233.627,0.058
0,Palmer & Co Amazone Champagne Brut,12.0,0.75,159.00,212.0,0.057
0,Mumm RSRV Cuvée Lalou Champagne Brut 2008,12.5,0.75,163.89,218.52,0.057
0,Bouchard Père & Fils Le Corton Grand Cru 2018,13.5,0.75,179.89,239.853,0.056
0,Glenfarclas 30 Year Old Single Malt,43.0,0.7,534.90,764.143,0.056
0,Château Valandraud 2015,15.0,0.75,202.29,269.72,0.056
0,Torbreck Runrig 2018,15.0,0.75,199.99,266.653,0.056
0,Le Dôme 2016,15.0,0.75,199.94,266.587,0.056
0,Leclerc Briant Le Clos des Trois Clochers Champagne Brut Zéro 2014,12.0,0.75,159.95,213.267,0.056
0,M. Chapoutier Ermitage Le Pavillon 2008,13.5,0.75,185.70,247.6,0.055
0,François Diligent Grande Oenothèque Vintage Champagne Brut Nature 1996,12.0,0.75,165.00,220.0,0.055
0,Château Pontet Canet 2018,12.5,0.75,170.13,226.84,0.055
0,Taylor's Golden Age 50 YO Tawny Port,20.0,0.75,270.99,361.32,0.055
0,Château Cos d'Estournel 2013,12.0,0.75,163.90,218.533,0.055
0,Cazes Rivesaltes 1950,16.0,0.75,219.05,292.067,0.055
0,Carillon d'Angelus 2017,13.5,0.75,182.49,243.32,0.055
0,Álvaro Palacios La Baixada 2019,14.5,0.75,199.63,266.173,0.054
0,Kilikanoon Attunga 1865 Clare Valley Shiraz 2009,14.5,0.75,201.20,268.267,0.054
0,Artadi El Carretil 2020,14.5,0.75,199.99,266.653,0.054
0,Brooklyn Special Effects Hoppy Lager,0.4,0.33,2.43,7.364,0.054
0,Philipponnat La Rémissonne Mareuil-su-Ay Premier Cru Champagne Extra Brut 2009,13.0,0.75,181.00,241.333,0.054
0,Château Pichon Longueville Comtesse de Lalande 2017,13.0,0.75,180.73,240.973,0.054
0,Vandestreek No Sour Losers tölkki,0.5,0.33,3.07,9.303,0.054
0,Camille Giroud Corton-Charlemagne Grand Cru 2019,14.0,0.75,195.00,260.0,0.054
0,Dalva Colheita Golden White Port 1971,20.0,0.5,189.39,378.78,0.053
0,Albert Bichot Domaine Long-Depaquit Chablis Grand Cru Moutonne Monopole 2019,13.0,0.75,184.90,246.533,0.053
0,De Buris Amarone della Valpolicella Classico Riserva 2010,15.5,0.75,219.00,292.0,0.053
0,Zuccardi Finca Piedra Infinita Supercal 2017,14.0,0.75,199.99,266.653,0.053
0,M. Chapoutier Ermitage le Pavillon 2007,14.0,0.75,199.51,266.013,0.053
0,Dalva Colheita Golden White Port 1989,20.0,0.5,190.13,380.26,0.053
0,Caroline Parent Nuits Saint Georges 1er Cru Les Saints Georges 2020,14.0,0.75,199.89,266.52,0.053
0,Penfolds Yattarna Bin 144 Chardonnay 2021,13.0,0.75,184.98,246.64,0.053
0,Domaine des Comtes Lafon Meursault Clos de la Barre 2020,13.5,0.75,190.33,253.773,0.053
0,Bruno Rocca Curra Barbaresco Riserva 2015,14.5,0.75,205.53,274.04,0.053
0,De Venoge Millésime Champagne Extra Brut 2000,12.0,0.75,169.98,226.64,0.053
0,Le Clarence de Haut-Brion 2018,14.5,0.75,203.95,271.933,0.053
0,Albert Bichot Domaine Long-Depaquit Chablis Grand Cru Moutonne Monopole 2020,13.0,0.75,184.90,246.533,0.053
0,Penfolds Yattarna Chardonnay Bin 144 2018,13.0,0.75,184.98,246.64,0.053
0,Glenfarclas 1993 Single Cask,53.8,0.7,725.88,1036.971,0.052
0,Le Clarence de Haut-Brion 2017,14.0,0.75,203.46,271.28,0.052
0,Château Cos dÉstournel 2017,13.0,0.75,189.02,252.027,0.052
0,André Jacquart 1er Cru Solera Réserve Perpétuel Blanc de Blancs Champagne Extra Brut,12.5,0.75,179.57,239.427,0.052
0,Taittinger Comtes de Champagne Blanc de Blancs Brut 2011,12.5,0.75,179.82,239.76,0.052
0,Drop Bear Beer Tropical IPA tölkki,0.5,0.33,3.25,9.848,0.051
0,Bouchard Père & Fils Corton-Charlemagne Grand Cru 2018,13.5,0.75,199.00,265.333,0.051
0,Drop Bear Beer Yuzu Pale Ale tölkki,0.5,0.33,3.25,9.848,0.051
0,Penfolds Yattarna Bin 144 Chardonnay 2019,12.5,0.75,184.98,246.64,0.051
0,Le Dôme 2017,13.5,0.75,199.89,266.52,0.051
0,Sena 2020,13.5,0.75,197.61,263.48,0.051
0,Drop Bear Beer New World Lager tölkki,0.5,0.33,3.25,9.848,0.051
0,Jean Vesselle Cuvée Le Petit Clos Grand Cru Bouzy Champagne Brut 2009,12.0,0.75,175.00,233.333,0.051
0,Georg Breuer Berg Schlossberg Riesling Auslese 2015,8.0,0.375,59.99,159.973,0.05
0,Rivetto Barolo Leon Riserva 10 Anni 2011,14.5,0.75,219.00,292.0,0.05
0,Blue Nun Red Alcohol Free,0.5,0.75,7.49,9.987,0.05
0,Le Clarence de Haut-Brion 2016,13.5,0.75,203.39,271.187,0.05
0,Champagne Thiénot X Penfolds Lot. 3-175 Grand Cru Blanc de Noirs Vintage Champagne Extra Brut 2012,12.0,0.75,179.78,239.707,0.05
0,Blue Nun White Alcohol Free,0.5,0.75,7.49,9.987,0.05
0,Erdinger Alkoholfrei Grapefruit,0.3,0.33,1.98,6.0,0.05
0,Nyetimber 1086 Vintage Brut 2010,12.0,0.75,179.00,238.667,0.05
0,Le Petit Mouton de Mouton Rothschild 2015,13.5,0.75,203.55,271.4,0.05
0,Highland Park 25 Year Old 2022 Release Single Malt,46.0,0.7,651.77,931.1,0.049
0,Enate Uno Tinto 2010,15.0,0.75,230.00,306.667,0.049
0,Robert Mondavi The Reserve Cabernet Sauvignon To Kalon Vineyard 2019,15.0,0.75,229.98,306.64,0.049
0,Cutty Sark 33 Year Old Art Deco Limited Edition,41.7,0.7,594.99,849.986,0.049
0,Chouffe Alcohol-Free 0,0.4,0.33,2.67,8.091,0.049
0,Castillo Ygay Gran Reserva Especial 2011,14.0,0.75,214.99,286.653,0.049
0,Genys Sixth Month Non-Alco Milkshake Ale with Ice Mint & Raspberries tölkki,0.5,0.44,4.48,10.182,0.049
0,Codorniu Zero Alcohol Free,0.5,0.75,7.79,10.387,0.048
0,Veuve Clicquot La Grande Dame Champagne Brut 2015,12.5,0.75,196.98,262.64,0.048
0,Louis Latour Corton-Charlemagne Grand Cru 2018,14.0,0.75,220.00,293.333,0.048
0,Collet Esprit Couture Champagne Brut,12.5,0.75,198.85,265.133,0.047
0,Perrier-Jouët Belle Epoque Champagne Brut 2014,12.5,0.75,199.98,266.64,0.047
0,Ornellaia 2020,14.5,0.75,232.00,309.333,0.047
0,Lindeman's Alcohol Free Semillon Chardonnay,0.5,0.75,7.96,10.613,0.047
0,Nicolas Feuillatte Palmes d'Or Rosé Champagne Brut 2006,12.0,0.75,192.98,257.307,0.047
0,Henriot Cuvée Hemera Grand Cru Champagne Brut 2006,12.0,0.75,189.98,253.307,0.047
0,Devaux & Michel Chapoutier Sténopé Champagne Brut 2008,12.0,0.75,190.05,253.4,0.047
0,Jacob's Creek UnVined Riesling 2022,0.5,0.75,7.94,10.587,0.047
0,Robert Mondavi The Reserve Cabernet Sauvignon To Kalon Vineyard 2018,14.5,0.75,229.98,306.64,0.047
0,Jacob's Creek UnVined Shiraz 2021,0.5,0.75,7.94,10.587,0.047
0,Blitz Riesling Alcohol Free,0.5,0.75,7.98,10.64,0.047
0,Clos Lanson Brut 2006,12.5,0.75,198.99,265.32,0.047
0,Château Valandraud 2018,15.5,0.75,254.65,339.533,0.046
0,Fentimans Ginger Beer,0.5,0.275,2.97,10.8,0.046
0,Ployez-Jacquemart Liesse d´Harbonville Champagne Brut 2002,12.0,0.75,197.58,263.44,0.046
0,Thiénot x Penfolds Blanc de Blancs Champagne Brut 2013,12.0,0.75,194.90,259.867,0.046
0,Le Dôme 2018,14.5,0.75,237.86,317.147,0.046
0,Quinta do Crasto Vinha Maria Teresa 2018,14.5,0.75,236.80,315.733,0.046
0,Camille Giroud Corton Les Renardes Grand Cru 2020,14.0,0.75,230.32,307.093,0.046
0,Billecart-Salmon Cuvée Elisabeth Salmon Rosé Champagne Brut 2009,12.5,0.75,209.99,279.987,0.045
0,Boizel Joyau de France Champagne Brut 1995,12.0,0.75,199.99,266.653,0.045
0,Leclerc Briant Cuvée Abyss Millésime Champagne Brut Zero 2017,12.0,0.75,199.88,266.507,0.045
0,Tua Rita Per Sempre Syrah 2015,15.0,0.75,248.64,331.52,0.045
0,Bollinger La Grande Année Champagne Brut Magnum 2014,12.0,1.5,399.99,266.66,0.045
0,Billecart-Salmon Cuvée Nicolas Francois Champagne Brut 2008,12.5,0.75,208.00,277.333,0.045
0,Amour de Deutz Champagne Brut 2013,12.0,0.75,200.31,267.08,0.045
0,Palmer & Co Collection Vintage Brut 1997,12.0,0.75,199.32,265.76,0.045
0,To Øl Implosion tölkki,0.3,0.33,2.27,6.879,0.044
0,Quinta do Crasto Vinha Maria Teresa 2019,14.5,0.75,249.49,332.653,0.044
0,Mortlach 21 Year Old Special Release 2020 Single Malt,56.9,0.7,899.99,1285.7,0.044
0,Vietti Barolo Lazzarito 2018,14.0,0.75,236.50,315.333,0.044
0,Lime Time Kombucha luomu tölkki,0.5,0.33,3.71,11.242,0.044
0,Magical Mango Kombucha luomu tölkki,0.5,0.33,3.71,11.242,0.044
0,UNLTD IPA,0.5,0.33,3.80,11.515,0.043
0,Pol Roger Cuvée Sir Winston Churchill Champagne Brut 2015,12.5,0.75,220.00,293.333,0.043
0,Robert Mondavi Reserve To Kalon Vineyard Cabernet Sauvignon 2013,15.0,0.75,259.87,346.493,0.043
0,Freedl Calma,0.5,0.33,3.80,11.515,0.043
0,Dal Forno Romano Amarone della Valpolicella 2015,16.5,0.75,289.99,386.653,0.043
0,Jump Ship Yardarm Lager tölkki,0.5,0.33,3.80,11.515,0.043
0,Piper-Heidsieck Rare Millésime Champagne Brut 2008,12.0,0.75,209.31,279.08,0.043
0,Freedl Classic,0.5,0.33,3.80,11.515,0.043
0,Bass Phillip Premium Pinot Noir 2020,14.2,0.75,249.99,333.32,0.043
0,Bruichladdich Rare Cask Series 1988 Single Malt 1988,46.2,0.7,744.81,1064.014,0.043
0,Jump Ship Flying Colours Pale Ale tölkki,0.5,0.33,3.80,11.515,0.043
0,Jump Ship Stoker's Stout tölkki,0.5,0.33,3.80,11.515,0.043
0,Robert Mondavi The Reserve To Kalon Vineyard Cabernet Sauvignon 2014,14.5,0.75,259.87,346.493,0.042
0,Palmer & Co Grands Terroirs Champagne Brut Magnum 2003,12.0,1.5,430.00,286.667,0.042
0,Saimaa Yes Yes Apple Dry Non-Alc tölkki,0.3,0.33,2.38,7.212,0.042
0,Joseph Drouhin Clos de Vougeot Grand Cru 2016,13.5,0.75,238.99,318.653,0.042
0,Jump Ship Goosewing IPA tölkki,0.5,0.33,3.89,11.788,0.042
0,Charles Heidsieck Blanc des Millenaires Champagne Brut 2007,12.0,0.75,215.98,287.973,0.042
0,Camille Giroud Clos de Vougeot Grand Cru 2019,13.5,0.75,250.00,333.333,0.041
0,Laurent-Perrier Grand Siècle Champagne Brut Itération N°25,12.0,0.75,219.94,293.253,0.041
0,Nozeco Fine Sparkling Alcohol Free,0.4,0.75,7.49,9.987,0.04
0,Bollinger La Grande Année Champagne Brut 2014,12.0,0.75,224.99,299.987,0.04
0,Palmer & Co Collection Vintage Champagne Brut Magnum 1999,12.0,1.5,449.00,299.333,0.04
0,Château La Mission Haut-Brion 2014,14.5,0.75,272.39,363.187,0.04
0,Nozeco Fine Sparkling Rosé  Alcohol Free,0.4,0.75,7.49,9.987,0.04
0,Caroline Parent Chambolle Musigny Premier Cru Les Fuees 2020,13.5,0.75,259.50,346.0,0.039
0,Trimbach Clos Ste Hune Riesling 2018,14.5,0.75,279.99,373.32,0.039
0,Win-E Tempranillo,0.5,0.75,9.62,12.827,0.039
0,Pommery Cuvée Louise Champagne Brut 2005,12.5,0.75,237.59,316.787,0.039
0,Gaja Barbaresco 2020,14.5,0.75,279.99,373.32,0.039
0,Klokk & Co Gringo,0.5,0.33,4.27,12.939,0.039
0,François Diligent Grande Oenothèque Vintage Champagne Brut Nature 1990,12.0,0.75,232.00,309.333,0.039
0,Bruno Paillard Nec Plus Ultra Champagne Extra Brut 2008,12.0,0.75,228.33,304.44,0.039
0,Giuseppe Quintarelli Amarone della Valpolicella Classico 2015,16.5,0.75,320.90,427.867,0.039
0,Quinta da Devesa Colheita Porto Tawny 1944,21.0,0.5,266.99,533.98,0.039
0,Mascarello Monprivato Barolo 2016,15.0,0.75,288.60,384.8,0.039
0,Nittenauer Freie Liebe,0.5,0.33,4.24,12.848,0.039
0,Glenmorangie Grand Vintage Single Malt 1997,43.0,0.7,765.50,1093.571,0.039
0,Inglenook Rubicon 2013,14.0,0.75,267.92,357.227,0.039
0,Le Petit Mouton de Mouton Rothschild 2016,13.5,0.75,260.11,346.813,0.039
0,Lindeman's Alcohol Free Cabernet Sauvignon,0.5,0.375,4.98,13.28,0.038
0,Zero Point Five Cabernet Sauvignon Alcohol Free,0.5,0.75,9.98,13.307,0.038
0,Eminazero Tempranillo,0.5,0.75,9.93,13.24,0.038
0,Château Palmer 2011,13.5,0.75,275.61,367.48,0.037
0,The Glenrothes 25 Year Old Single Malt,43.0,0.7,809.97,1157.1,0.037
0,Boizel Joyau De France Champagne Brut 1996,12.0,0.75,245.00,326.667,0.037
0,Christophe Semaska Elixir d'Ariane Côte Rôtie 2015,14.5,0.75,306.00,408.0,0.036
0,Château Bahans Haut-Brion 2005,13.5,0.75,278.22,370.96,0.036
0,Le Petit Mouton de Mouton Rothschild 2017,13.5,0.75,282.71,376.947,0.036
0,Klokk & Co Mango Fripa,0.5,0.33,4.57,13.848,0.036
0,Ollenaut Kaineken IPA,0.5,0.33,4.59,13.909,0.036
0,Sassicaia 2020,14.0,0.75,289.90,386.533,0.036
0,Ollenaut Kaineken Tikker,0.5,0.33,4.59,13.909,0.036
0,Dom Pérignon Champagne Brut 2013,12.5,0.75,260.39,347.187,0.036
0,Ollenaut Kaineken Pale Ale Citra,0.5,0.33,4.59,13.909,0.036
0,Gaia & Rey 2021,14.0,0.75,289.88,386.507,0.036
0,Õllenaut Kaineken Pale Ale,0.5,0.33,4.59,13.909,0.036
0,Ollenaut Kaineken Suitsu Porter,0.5,0.33,4.59,13.909,0.036
0,Yalumba The Caley Cabernet Shiraz 2012,14.0,0.75,299.99,399.987,0.035
0,Krug Grande Cuvée Champagne Brut,12.5,0.75,266.78,355.707,0.035
0,Château Valandraud 2016,12.0,0.75,254.30,339.067,0.035
0,Gosset Celebris Blanc de Blancs Champagne Brut 2012,12.0,0.75,260.00,346.667,0.035
0,Château Palmer 2013,12.0,0.75,256.34,341.787,0.035
0,Domaine des Comtes Lafon Meursault-Porusots Premier Cru 2020,13.5,0.75,290.33,387.107,0.035
0,Nittenauer Lola Porter Coffee,0.5,0.33,4.73,14.333,0.035
0,Nittenauer Le Chauffeur,0.5,0.33,4.73,14.333,0.035
0,Vandestreek Playground Non Alcoholic Ipa,0.5,0.33,4.68,14.182,0.035
0,Vilmart & Cie Blanc de Blancs Les Blanches Voies Champagne Extra Brut 2012,12.5,0.75,268.99,358.653,0.035
0,Martini Vibrante,0.5,0.75,10.75,14.333,0.035
0,Nittenauer The Wit,0.5,0.33,4.92,14.909,0.034
0,Tokaj-Hetszölö Aszú 6 Puttonyos Nagyszölö-Dülö 1er Cru 2017,12.0,0.5,177.99,355.98,0.034
0,Álvaro Palacios Les Aubaguetes 2019,14.5,0.75,320.32,427.093,0.034
0,Glenfarclas 40 Year Old Single Malt,43.0,0.7,882.86,1261.229,0.034
0,Château Palmer 2014,13.5,0.75,299.17,398.893,0.034
0,Enate Uno Chardonnay 2013,15.5,0.75,355.00,473.333,0.033
0,Philipponnat Clos des Goisses Champagne Extra-Brut 2012,13.0,0.75,299.98,399.973,0.033
0,Laurent Ponsot Corton-Charlemagne Grand Cru Cuvée du Kalimeris 2020,13.0,0.75,298.93,398.573,0.033
0,Château Valandraud 2010,15.0,0.75,340.80,454.4,0.033
0,Palmer & Co Collection Blanc de Blancs Brut 1985,12.0,0.75,269.33,359.107,0.033
0,E. Guigal Ex-Voto Ermitage Rouge 2017,14.5,0.75,343.99,458.653,0.032
0,Force Majeure Traditional Blond,0.5,0.33,5.10,15.455,0.032
0,Force Majeure Kriek,0.5,0.33,5.10,15.455,0.032
0,Artadi Viña El Pison 2018,14.5,0.75,339.99,453.32,0.032
0,Glenfarclas 35 Year Old Single Malt,43.0,0.7,950.08,1357.257,0.032
0,Force Majeure Tripel,0.5,0.33,5.10,15.455,0.032
0,Teeling Whiskey Vintage Reserve Collection 30 Years Old Single Malt,46.0,0.7,994.99,1421.414,0.032
0,Château Palmer 2012,13.5,0.75,312.10,416.133,0.032
0,Tua Rita Redigaffi 2015,15.0,0.75,346.99,462.653,0.032
0,Carruades de Lafite 2017,12.5,0.75,303.84,405.12,0.031
0,Château L'Evangile 2017,14.5,0.75,350.91,467.88,0.031
0,Dr. Loosen Riesling Sparkling Alcohol-Free,0.5,0.75,11.99,15.987,0.031
0,Vale D. Maria Colheita Port 1969,20.0,0.75,490.47,653.96,0.031
0,Dom Ruinart Blanc de Blancs Champagne Brut 2010,12.5,0.75,297.90,397.2,0.031
0,Kukko Pils Alkoholiton,0.3,0.33,3.16,9.576,0.031
0,Ipsus 2016,13.5,0.75,335.00,446.667,0.03
0,Le Petit Mouton de Mouton Rothschild 2018,13.0,0.75,328.69,438.253,0.03
0,Château de Montifaud Héritage Louis Vallet L50,40.0,0.7,948.41,1354.871,0.03
0,Palmer & Co Collection Blanc de Blancs Champagne Brut Magnum 1985,12.0,1.5,599.65,399.767,0.03
0,Ipsus Magnum 2015,13.5,1.5,668.99,445.993,0.03
0,Kehrwieder Road Runner Coffee Stout,0.5,0.33,5.54,16.788,0.03
0,Domaine Faiveley Corton Clos des Cortons Grand Cru Monopole 2017,13.0,0.75,324.98,433.307,0.03
0,Kehrwieder üNN IPA,0.5,0.33,5.54,16.788,0.03
0,Ardbeg 25 Year Old Islay Single Malt,46.0,0.7,1089.89,1556.986,0.03
0,Laurent-Perrier Alexandra Grande Cuvée Rosé Champagne Brut 2004,12.0,1.5,599.40,399.6,0.03
0,Shafer Hillside Select 2018,15.5,0.75,399.98,533.307,0.029
0,Vega-Sicilia Unico 2013,14.0,0.75,362.00,482.667,0.029
0,Mikkeller Henry Gose Lightly tölkki,0.3,0.33,3.47,10.515,0.029
0,Lignell & Piispanen Finna Lakka,0.5,0.75,12.98,17.307,0.029
0,Antinori Solaia 2020,14.0,0.75,379.99,506.653,0.028
0,Avignonesi Vin Santo di Montepulciano 2000,12.5,0.375,170.00,453.333,0.028
0,Mikkeller Drink'in the Sun tölkki,0.3,0.33,3.54,10.727,0.028
0,Veuve Clicquot La Grande Dame Rosé Champagne Brut 2008,12.5,0.75,339.50,452.667,0.028
0,Domaine Faiveley Grand Cru Corton-Charlemagne  2018,13.0,0.75,349.98,466.64,0.028
0,Leclerc Briant Cuvée Abyss Rosé Champagne Brut Nature 2018,12.0,0.75,333.96,445.28,0.027
0,Guigal Côte-Rôtie La Landonne 2016,13.5,0.75,371.81,495.747,0.027
0,Château Palmer 2017,13.5,0.75,373.55,498.067,0.027
0,Laurent Ponsot Charmes-Chambertin Grand Cru Cuvée du Cyprès 2020,14.0,0.75,395.65,527.533,0.027
0,Louis Roederer Cristal Champagne Brut 2015,12.0,0.75,334.99,446.653,0.027
0,HALOO! Alcohol Free,0.5,0.75,13.98,18.64,0.027
0,Guigal Côte-Rôtie La Mouline 2016,13.5,0.75,371.81,495.747,0.027
0,Guigal Côte-Rôtie La Turque 2016,13.5,0.75,371.81,495.747,0.027
0,Carruades de Lafite 2018,12.5,0.75,351.04,468.053,0.027
0,Besserat de Bellefon Réserve Millésime Champagne Brut 1986,12.5,0.75,349.00,465.333,0.027
0,Caroline Parent Clos Vougeot Grand Cru 2020,13.0,0.75,374.99,499.987,0.026
0,Philippe Pacalet Corton Bressandes Grand Cru 2019,13.0,0.75,376.50,502.0,0.026
0,Camille Giroud Charmes-Chambertin Grand Cru 2015,13.0,0.75,370.01,493.347,0.026
0,Royal Salute 38yo Stone of Destiny,40.0,0.5,759.90,1519.8,0.026
0,Müller-Catoir Herzog Rieslaner Trockenbeerenauslese 2018,6.0,0.375,85.86,228.96,0.026
0,Armand de Brignac Gold Champagne Brut,12.5,0.75,359.86,479.813,0.026
0,Laurent Ponsot Charmes-Chambertin Grand Cru Cuvée du Cyprès,13.5,0.75,393.95,525.267,0.026
0,Château-Grillet 2019,15.0,0.75,438.39,584.52,0.026
0,Vega-Sicilia Unico Magnum 2011,14.0,1.5,800.00,533.333,0.026
0,Giuseppe Quintarelli Alzero Cabernet 2007,16.5,0.75,485.29,647.053,0.026
0,Laurent Ponsot Clos de Vougeot Grand Cru Cuvée du Cèdre 2018,14.0,0.75,416.63,555.507,0.025
0,Château Haut-Brion 2014,14.5,0.75,443.50,591.333,0.025
0,Laurent Ponsot Clos de Vougeot Grand Cru Cuvée du Cèdre 2019,13.5,0.75,415.50,554.0,0.024
0,Highland Park 30 Year Old Single Malt,45.7,0.7,1319.93,1885.614,0.024
0,Krug Vintage Champagne Brut 2006,12.5,0.75,397.48,529.973,0.024
0,Glenfarclas The Family Cask 1982 Single Malt,52.4,0.7,1581.98,2259.971,0.023
0,Philippe Pacalet Corton Charlemagne Grand Cru 2020,13.0,0.75,425.00,566.667,0.023
0,Château La Mission Haut-Brion 2017,14.0,0.75,463.81,618.413,0.023
0,Château Palmer 2018,14.5,0.75,464.55,619.4,0.023
0,Torbreck The Laird 2015,15.0,0.75,499.99,666.653,0.023
0,Hennessy Paradis,40.0,0.7,1198.88,1712.686,0.023
0,Château Palmer 2016,13.5,0.75,464.15,618.867,0.022
0,Château Mouton Rothschild 2014,13.0,0.75,444.37,592.493,0.022
0,Torbreck The Laird 2016,15.5,0.75,529.99,706.653,0.022
0,Château La Mission Haut-Brion 2018,14.5,0.75,487.39,649.853,0.022
0,Vieux Château Certan 2000,13.0,0.75,449.99,599.987,0.022
0,Highland Park 30 Year Old 2019 Release Single Malt,45.2,0.7,1500.82,2144.029,0.021
0,Bibi Graetz Colore 2010,14.0,0.75,501.60,668.8,0.021
0,Bollinger R.D. Champagne Extra Brut 2008,12.5,0.75,439.99,586.653,0.021
0,Château La Mission Haut-Brion Rouge 2015,15.0,0.75,552.88,737.173,0.02
0,Dom Pérignon Rosé Champagne Brut 2008,12.5,0.75,469.88,626.507,0.02
0,Dom Pérignon Plénitude 2 Champagne Brut 2004,12.5,0.75,479.88,639.84,0.02
0,Penfolds Bin 707 Cabernet Sauvignon 2019,14.5,0.75,549.99,733.32,0.02
0,Bollinger R.D. Champagne Extra Brut Jeroboam 2008,12.5,3.0,1999.48,666.493,0.019
0,Chateau Angelus 2015,15.0,0.75,600.27,800.36,0.019
0,Penfolds Superblend 802.B. 2018,14.5,0.75,569.99,759.987,0.019
0,Château Cheval Blanc 2013,13.0,0.75,506.50,675.333,0.019
0,Biondi-Santi Brunello di Montalcino Riserva 2013,13.5,0.75,529.98,706.64,0.019
0,Laurent Ponsot Griotte-Chambertin Grand Cru Cuvée du Saule 2018,14.5,0.75,562.37,749.827,0.019
0,Eisele Vineyard Cabernet Sauvignon 2018,15.0,0.75,594.03,792.04,0.019
0,Chateau Angelus 2007,13.5,0.75,569.65,759.533,0.018
0,Camille Giroud Chambertin Grand Cru 2020,14.5,0.75,610.00,813.333,0.018
0,Armand de Brignac Rosé Champagne Brut,12.5,0.75,509.89,679.853,0.018
0,Vieux Château Certan 2019,14.5,0.75,599.99,799.987,0.018
0,Château d'Yquem 2020,14.5,0.75,598.36,797.813,0.018
0,Château La Mission Haut-Brion 2016,14.0,0.75,644.41,859.213,0.016
0,ROTI G,0.5,0.5,15.98,31.96,0.016
0,Kopparberg Pear Cider Light Alkoholiton tölkki,0.1,0.5,3.18,6.36,0.016
0,Louis Roederer Cristal Rosé Champagne Brut 2014,12.0,0.75,569.99,759.987,0.016
0,Kopparberg Cider With Strawberry & Lime Alkoholiton tölkki,0.1,0.5,3.18,6.36,0.016
0,Château Haut-Brion 2017,14.0,0.75,667.92,890.56,0.016
0,Château Haut-Brion 2015,15.0,0.75,705.97,941.293,0.016
0,Krug Vintage Champagne Brut Magnum 2003,12.0,1.5,1096.78,731.187,0.016
0,Kopparberg Cider Cranberry Alkoholiton tölkki,0.1,0.5,3.18,6.36,0.016
0,Hundred Acre Napa Valley Ark Vineyard Cabernet Sauvignon 2018,15.5,0.75,741.26,988.347,0.016
0,Penfolds Grange 2018,14.5,0.75,724.99,966.653,0.015
0,Louis Roederer Cristal Champagne Brut Magnum 2008,12.0,1.5,1199.99,799.993,0.015
0,Penfolds Grange 2019,14.5,0.75,724.88,966.507,0.015
0,Penfolds Grange 2017,14.5,0.75,719.90,959.867,0.015
0,Château Mouton Rothschild 2017,13.5,0.75,667.92,890.56,0.015
0,The Macallan 25 Years Old Single Malt 2022 Release,43.0,0.7,2199.49,3142.129,0.014
0,Hundred Acre Wraith Napa Valley Cabernet Sauvignon 2018,15.5,0.75,822.95,1097.267,0.014
0,Château Mouton Rothschild 2015,13.5,0.75,735.84,981.12,0.014
0,ISH Caribbean Spiced,0.5,0.35,12.93,36.943,0.014
0,Henschke Hill of Grace 2007,13.0,0.75,674.99,899.987,0.014
0,Château Haut-Brion 2018,14.5,0.75,782.04,1042.72,0.014
0,Hundred Acre Dark Ark Napa Valley Cabernet Sauvignon 2018,15.5,0.75,857.99,1143.987,0.014
0,Kopparberg Cider With Blueberry & Lime Alkoholiton tölkki,0.1,0.33,2.31,7.0,0.014
0,Krug Vintage Champagne Brut 2008,12.5,0.75,649.39,865.853,0.014
0,Kopparberg Cider Rosé Alkoholiton tölkki,0.1,0.33,2.31,7.0,0.014
0,Château Lafite Rothschild 2017,12.5,0.75,700.38,933.84,0.013
0,Bass Phillip Reserve Pinot Noir 2020,14.0,0.75,799.98,1066.64,0.013
0,Château Haut-Brion 2016,14.0,0.75,803.84,1071.787,0.013
0,Château Mouton Rothschild 2018,14.0,0.75,782.04,1042.72,0.013
0,ISH Mexican Agave,0.5,0.5,19.58,39.16,0.013
0,Château Margaux 2018,14.0,0.75,782.04,1042.72,0.013
0,Château Mouton Rothschild 2016,13.5,0.75,804.08,1072.107,0.013
0,Clos de Tart Grand Cru Monopole 2020,14.0,0.75,868.20,1157.6,0.012
0,Muri Nuala 2021,0.4,0.75,27.79,37.053,0.011
0,Château Cheval Blanc 2018,14.5,0.75,1007.96,1343.947,0.011
0,Château Cheval Blanc 2016,14.0,0.75,917.04,1222.72,0.011
0,Château Lafite Rothschild 2018,13.5,0.75,899.04,1198.72,0.011
0,Lyre's Spiced Cane Spirit,0.5,0.7,34.34,49.057,0.01
0,Lyre's Italian Spritz,0.5,0.7,34.34,49.057,0.01
0,Lyre's White Cane Spirit,0.5,0.7,34.34,49.057,0.01
0,Domaine Trapet Chambertin Grand Cru 2020,13.0,0.75,966.00,1288.0,0.01
0,Lyre's Dry London Spirit,0.5,0.7,34.34,49.057,0.01
0,Lyre's American Malt,0.5,0.7,34.34,49.057,0.01
0,Lyre's Orange Sec,0.5,0.7,34.34,49.057,0.01
0,Lyre's Coffee Originale,0.5,0.7,34.34,49.057,0.01
0,Lyre's Pink London Spirit,0.5,0.7,34.34,49.057,0.01
0,Frapin Plume Cognac,40.0,0.7,2800.00,4000.0,0.01
0,Lyre's Italian Orange,0.5,0.7,34.34,49.057,0.01
0,Lyre's Apéritif Rosso,0.5,0.7,34.34,49.057,0.01
0,Lyre's Amaretti,0.5,0.7,34.34,49.057,0.01
0,Lyre's Dark Cane Spirit,0.5,0.7,34.34,49.057,0.01
0,Promontory 2017,14.5,0.75,1149.79,1533.053,0.009
0,Valduero Gran Reserva 12 Anos 2001,14.0,0.75,1184.01,1578.68,0.009
0,Château Lafite Rothschild 2010,13.0,0.75,1151.88,1535.84,0.008
0,Havana Club Maximo,40.0,0.5,2398.99,4797.98,0.008
0,Rémy Martin Louis XIII,40.0,0.7,3599.99,5142.843,0.008
0,Samalens Bas-Armagnac Millésime 1888,42.0,0.7,3499.90,4999.857,0.008
0,The Macallan Double Cask 30 Years Old Single Malt 2022 Release,43.0,0.7,4050.49,5786.414,0.007
0,Domaine Anne-Francoise Gros Richebourg Grand Cru 2020,13.5,0.75,1350.31,1800.413,0.007
0,Château Lafite Rothschild 2005,13.0,0.75,1492.00,1989.333,0.007
0,Château Lafite Rothschild 2014,12.5,0.75,1250.00,1666.667,0.007
0,Bollinger La Côte Aux Enfants Champagne Brut 2013,12.5,0.75,1399.98,1866.64,0.007
0,The Macallan Sherry Oak 30 Year Old 2023 Release Single Malt,43.0,0.7,5425.65,7750.929,0.006
0,Petrus 2019,14.5,0.75,2087.60,2783.467,0.005
0,The Glenrothes 42 Year Old Single Malt,43.0,0.7,7671.65,10959.5,0.004
0,The Macallan M Copper 2023 Release Single Malt,42.0,0.7,7376.62,10538.029,0.004
0,Hardy L'Automne Lalique,41.0,0.7,9999.99,14285.7,0.003
0,Krug Clos d'Ambonnay Blanc de Noirs Champagne Brut 2000,12.5,0.75,3045.46,4060.613,0.003
0,Château d'Yquem 1925,12.5,0.75,2990.00,3986.667,0.003
0,Chateau de Bligny X Theo Fabergé 6 Cépages Champagne Brut Nature 2013,12.0,0.75,4999.89,6666.52,0.002
0,Grand Vin de Château Latour 1926,12.5,0.75,5990.00,7986.667,0.002
0,Vierulan mansikkakuohu,0.0,0.75,15.41,20.547,0.0
0,San Pellegrino muovipullo,0.0,0.5,2.69,5.38,0.0
0,Mionetto Alcohol Free Sparkling,0.0,0.75,7.29,9.72,0.0
0,Corvers-Kauter R3 Rhein Riesling Remastered Zero 2022,0.0,0.75,9.09,12.12,0.0
0,Lapin Kulta 0,0.0,0.33,1.45,4.394,0.0
0,Pago Premium Fruit Orange,0.0,0.2,1.60,8.0,0.0
0,Vierulan vadelmakuohu,0.0,0.75,16.18,21.573,0.0
0,Heineken 0.0 Alcohol Free,0.0,0.33,1.93,5.848,0.0
0,Seedlip Spice 94,0.0,0.7,19.99,28.557,0.0
0,Torres Natureo Rosé 2020,0.0,0.375,5.49,14.64,0.0
0,Le Sirop de Monin Gingerbread,0.0,0.25,9.48,37.92,0.0
0,Tropic Dream Strawberry Daiquiri kartonkitölkki,0.0,1.0,3.29,3.29,0.0
0,Poikain Parhaat Joululimonaadi,0.0,0.33,3.15,9.545,0.0
0,Henkell Alkoholfrei Sparkling Blanc,0.0,0.2,2.38,11.9,0.0
0,Poikain Parhaat Red Social Drink,0.0,0.75,12.00,16.0,0.0
0,Pizzolato Organic Alcohol Free Sparkling,0.0,0.75,8.86,11.813,0.0
0,Gordon's Alcohol Free 0.0 %,0.0,0.7,19.97,28.529,0.0
0,Ceder's Wild Non Alcoholic Distillate,0.0,0.5,20.55,41.1,0.0
0,San Pellegrino Naturali Limonata tölkki,0.0,0.33,2.38,7.212,0.0
0,Le Sirop de Monin Chocolate Cookie,0.0,0.25,9.85,39.4,0.0
0,Le Sirop de Monin Muscovado Sugar,0.0,0.7,20.26,28.943,0.0
0,Corsaro Aperitivo,0.0,1.0,13.34,13.34,0.0
0,Vintense Terra Australis Alcohol Free,0.0,0.75,12.71,16.947,0.0
0,Le Sirop de Monin Lemon Tea,0.0,0.7,20.26,28.943,0.0
0,Lime Kombucha sokeriton tölkki,0.0,0.33,3.73,11.303,0.0
0,Shake-It Mixer Lime,0.0,0.5,9.24,18.48,0.0
0,Aldea Tempranillo 0,0.0,0.75,8.87,11.827,0.0
0,Vintense ICE Bellini,0.0,0.75,7.58,10.107,0.0
0,San Pellegrino Naturali Aranciata tölkki,0.0,0.33,2.38,7.212,0.0
0,Schweppes Ginger Ale tölkki,0.0,0.33,1.69,5.121,0.0
0,Kuohuva Kuusenkerkkä,0.0,0.75,14.99,19.987,0.0
0,Niemelän Mansikkakuohu,0.0,0.75,14.88,19.84,0.0
0,SanPellegrino Naturali Pompelmo tölkki,0.0,0.33,2.36,7.152,0.0
0,Alko Välivesi muovipullo,0.0,0.33,1.29,3.909,0.0
0,Le Sirop de Monin Irish,0.0,0.25,9.85,39.4,0.0
0,ÖUN Rhubarb Lemonade Organic tölkki,0.0,0.33,2.98,9.03,0.0
0,Gracioso Hugo Alkoholfrei,0.0,0.75,6.00,8.0,0.0
0,Poikain Parhaat Sour Raparperilimonaadi,0.0,0.33,3.15,9.545,0.0
0,Le Sirop de Monin Caramel,0.0,0.7,16.96,24.229,0.0
0,Ceder's Classic Non Alcoholic Distillate,0.0,0.5,20.55,41.1,0.0
0,Fever-Tree Raspberry &Rhubarb Tonic Water,0.0,0.5,5.19,10.38,0.0
0,Viva Valentina Zero Organic,0.0,0.75,9.91,13.213,0.0
0,Le Sirop de Monin Mojito Mint,0.0,0.7,20.26,28.943,0.0
0,Le Sirop de Monin Rasberry,0.0,0.7,19.45,27.786,0.0
0,Le Sirop de Monin Chocolate,0.0,0.7,19.45,27.786,0.0
0,Vintense Les Galets Alcohol Free,0.0,0.75,12.99,17.32,0.0
0,Crisp Tumma Lager tölkki,0.0,0.33,1.52,4.606,0.0
0,Van Nahmen Sparkling Juicy Tea Rose-Darjeeling Rhababer,0.0,0.75,18.70,24.933,0.0
0,Le Sirop de Monin Grenadine,0.0,0.25,6.90,27.6,0.0
0,Krombacher Pils Non-Alcoholic,0.0,0.33,1.88,5.697,0.0
0,Franklin & Sons Sicilian Lemon Tonic,0.0,0.2,1.49,7.45,0.0
0,Teerenpeli Premium Tonic vesi,0.0,0.33,3.58,10.848,0.0
0,Le Sirop de Monin Hazelnut,0.0,0.7,19.45,27.786,0.0
0,Night Orient Spritz,0.0,0.75,7.71,10.28,0.0
0,Öfvergårds Zonga 2021 viinipussi,0.0,3.0,18.02,6.007,0.0
0,Bavaria Wit Non-Alcoholic,0.0,0.33,1.48,4.485,0.0
0,Guinness 0,0.0,0.44,3.19,7.25,0.0
0,Le Sirop de Monin Green Apple,0.0,0.7,19.45,27.786,0.0
0,Fentimans Connoisseurs Tonic Water,0.0,0.5,3.59,7.18,0.0
0,Poikain Parhaat Tumma Kuohuva Juhlaglögi 0,0.0,0.75,13.90,18.533,0.0
0,Schweppes Bitter Lemon tölkki,0.0,0.33,1.57,4.758,0.0
0,Raparperikuohu,0.0,0.75,14.89,19.853,0.0
0,Kronenbourg 1664 Blanc 0,0.0,0.33,1.97,5.97,0.0
0,Jarritos Lime,0.0,0.37,2.36,6.378,0.0
0,Cortese Aranciata Rossa,0.0,0.275,3.91,14.218,0.0
0,Tsingtao Alcohol Free Lager,0.0,0.33,1.56,4.727,0.0
0,Torres Natureo Garnacha Syrah 2021,0.0,0.375,5.68,15.147,0.0
0,Karhun Puutarhan Mansikkakuohu,0.0,0.75,15.42,20.56,0.0
0,Schweppes Pink Tonic tölkki,0.0,0.33,1.57,4.758,0.0
0,Nokian Italian Spritz Mocktail tölkki,0.0,0.33,2.12,6.424,0.0
0,Le Sirop de Monin Orange Spritz,0.0,0.7,20.26,28.943,0.0
0,Källarbacken Mousserande Jordgubbsdryck,0.0,0.75,6.72,8.96,0.0
0,Tertin Kartano Ruusukuohu 2023,0.0,0.75,16.46,21.947,0.0
0,Lehtikuohu,0.0,0.75,14.39,19.187,0.0
0,Pramia Sangria 0,0.0,0.75,3.89,5.187,0.0
0,Poikain Parhaat Vaalea Kuohuva Juhlaglögi 0,0.0,0.75,13.90,18.533,0.0
0,1st Winner Lakka Seljankukka,0.0,0.75,14.09,18.787,0.0
0,Kaino Drinks Rhubarb & Rose Organic Sparkling Drink,0.0,0.75,13.90,18.533,0.0
0,Le Sirop de Monin Vanilla sugar free,0.0,0.7,19.60,28.0,0.0
0,Jarritos Mexican Cola,0.0,0.37,2.36,6.378,0.0
0,Fever-Tree Light Indian Tonic Water,0.0,0.5,5.19,10.38,0.0
0,Shake-It Mixer Mango,0.0,0.5,9.24,18.48,0.0
0,Vintense Sauvignon Alcohol Free,0.0,0.75,11.61,15.48,0.0
0,Poikain Parhaat Saaga Juhlakuohu,0.0,0.2,5.25,26.25,0.0
0,Kaino Drinks Blackcurrant Leaf Organic Sparkling Drink,0.0,0.75,13.90,18.533,0.0
0,Välivesi Puolukka muovipullo,0.0,0.33,1.29,3.909,0.0
0,Shake-It Mixer Grenadine,0.0,0.5,9.24,18.48,0.0
0,Corona Cero,0.0,0.33,1.79,5.424,0.0
0,Crisp Vaalea Lager tölkki,0.0,0.33,1.52,4.606,0.0
0,Nachschlag no Bubbles,0.0,0.75,14.84,19.787,0.0
0,Aldea Frizzante Rosé 0,0.0,0.75,13.17,17.56,0.0
0,Le Sirop de Monin Vanilla,0.0,0.25,9.48,37.92,0.0
0,Vera Aperitivø Classicø,0.0,0.5,24.84,49.68,0.0
0,Fever-Tree Ginger Beer,0.0,0.2,2.31,11.55,0.0
0,Torres Natureo Muscat 2021,0.0,0.75,9.09,12.12,0.0
0,Le Sirop de Monin Cucumber,0.0,0.7,19.45,27.786,0.0
0,Freixenet 0.0% Alcohol Free Sparkling Rosé,0.0,0.75,7.29,9.72,0.0
0,Vintense Chardonnay,0.0,0.75,8.97,11.96,0.0
0,Le Sirop de Monin Caramel Sugar Free,0.0,0.7,17.42,24.886,0.0
0,Colonnara Icemary Organic Sparkling,0.0,0.75,9.88,13.173,0.0
0,Strauch Blanc Pur Bio Alkoholfrei,0.0,0.75,17.93,23.907,0.0
0,Kaino Drinks Spruce Sprout Organic Sparkling Drink,0.0,0.75,13.90,18.533,0.0
0,Willimaku Mesiangervo Kuohujuoma,0.0,0.75,17.47,23.293,0.0
0,Le Sirop de Monin Salted Caramel,0.0,0.7,19.45,27.786,0.0
0,Bavaria IPA 0,0.0,0.33,1.71,5.182,0.0
0,Bella Ella Rosé Zero,0.0,0.75,6.10,8.133,0.0
0,Zéra Chardonnay Sparkling 0,0.0,0.375,7.49,19.973,0.0
0,Le Sirop de Monin Strawberry,0.0,0.7,19.45,27.786,0.0
0,Poikain Parhaat White Social Drink,0.0,0.75,10.39,13.853,0.0
0,Le Sirop de Monin Ginger,0.0,0.7,16.96,24.229,0.0
0,Mustikkakuohu,0.0,0.75,15.03,20.04,0.0
0,Poikain Parhaat Korpi Juhlaglögi,0.0,0.5,7.38,14.76,0.0
0,Le Sirop de Monin Peach Tea,0.0,0.7,20.26,28.943,0.0
0,Somersby Apple 0,0.0,0.33,2.11,6.394,0.0
0,Vendôme Mademoiselle Classic,0.0,0.75,8.30,11.067,0.0
0,Fever-Tree Premium Indian Tonic Water,0.0,0.5,4.49,8.98,0.0
0,Poikain Parhaat Limonaadi Mustaherukka,0.0,0.33,3.15,9.545,0.0
0,Zéra Sauvignon Blanc,0.0,0.75,7.89,10.52,0.0
0,Nokian Mojito Mocktail tölkki,0.0,0.33,2.12,6.424,0.0
0,Heineken 0.0 tölkki,0.0,0.33,1.78,5.394,0.0
0,San Miguel Radler 0,0.0,0.33,1.97,5.97,0.0
0,Le Sirop de Monin White Chocolate,0.0,0.7,16.96,24.229,0.0
0,Thomas Henry Wild Berry,0.0,0.75,5.99,7.987,0.0
0,Thomas Henry Ginger Beer,0.0,0.75,5.98,7.973,0.0
0,Vilarnau Organic Rose Alcohol Free 0%,0.0,0.75,8.96,11.947,0.0
0,Poikain Parhaat Suomi Juhlaglögi,0.0,0.5,7.38,14.76,0.0
0,Copenhagen Sparkling Tea BLÅ,0.0,0.75,22.21,29.613,0.0
0,Poikain Parhaat Sour Omenalimonaadi,0.0,0.33,3.15,9.545,0.0
0,Poikain Parhaat Metsä Juhlakuohu,0.0,0.75,12.57,16.76,0.0
0,Aldea Frizzante White Muscat,0.0,0.75,13.16,17.547,0.0
0,Le Sirop de Monin Mango,0.0,0.7,19.45,27.786,0.0
0,Schweppes Indian Tonic Water muovipullo,0.0,1.5,4.78,3.187,0.0
0,Mionetto 0,0.0,0.2,3.57,17.85,0.0
0,Freixenet 0,0.0,0.75,7.29,9.72,0.0
0,Cortese Limonata,0.0,0.275,3.91,14.218,0.0
0,Vintense Syrah Alcohol Free,0.0,0.75,10.41,13.88,0.0
0,Freixenet Low CalorieRed Blend  0.0%,0.0,0.75,7.59,10.12,0.0
0,Fentimans Pink Grapefruit Tonic Water,0.0,0.2,2.14,10.7,0.0
0,The Good Cider of San Sebastian Apple,0.0,0.33,2.62,7.939,0.0
0,A Le Coq Long Drink Grapefruit Alcohol-free tölkki,0.0,0.33,2.10,6.364,0.0
0,Bella Ella Bianco Zero,0.0,0.75,6.10,8.133,0.0
0,Thomas Henry Tonic Water,0.0,0.2,1.87,9.35,0.0
0,Dr. Loosen Riesling Alcohol Free,0.0,0.75,11.95,15.933,0.0
0,Le Sirop de Monin Chai Tea,0.0,0.7,20.26,28.943,0.0
0,Fentimans Premium Indian Tonic Water,0.0,0.2,2.07,10.35,0.0
0,Le Sirop de Monin Hazelnut Sugarfree,0.0,0.7,19.60,28.0,0.0
0,McGuigan Zero Chardonnay,0.0,0.75,7.98,10.64,0.0
0,Clausthaler Lemon Non-Alcoholic,0.0,0.33,1.97,5.97,0.0
0,Kolonne/Null Riesling Alc Frei 2022,0.0,0.75,16.15,21.533,0.0
0,Hartwall Tonic Water,0.0,0.25,1.43,5.72,0.0
0,Poikain Parhaat Metsä Juhlakuohu Mustikka & Kuusenkerkkä,0.0,0.2,5.20,26.0,0.0
0,Torres Natureo Sparkling Semi Seco,0.0,0.75,8.98,11.973,0.0
0,Vintense Cabernet Sauvignon,0.0,0.75,11.68,15.573,0.0
0,Välivesi Greippi muovipullo,0.0,0.33,1.49,4.515,0.0
0,Vintense Prestige Blanc de Blanc 0,0.0,0.75,14.70,19.6,0.0
0,Ceder's Crisp Non Alcoholic Distillate,0.0,0.5,20.55,41.1,0.0
0,Riffel Zero Riesling Alcohol Free,0.0,0.75,14.98,19.973,0.0
0,Seedlip Grove 42,0.0,0.7,29.81,42.586,0.0
0,Sihinä Kupliva Raparperikuohari,0.0,0.75,15.98,21.307,0.0
0,Borjomi Georgian Mineral Water,0.0,0.5,2.64,5.28,0.0
0,Bonaqua Vichy muovipullo,0.0,0.5,2.10,4.2,0.0
0,Siegfried Wonderleaf Rosé,0.0,0.5,17.56,35.12,0.0
0,Nokian Strawberry Margarita Mocktail tölkki,0.0,0.33,1.74,5.273,0.0
0,Cortese Chinotto,0.0,0.275,3.91,14.218,0.0
0,Oddbird Blanc de Blancs,0.0,0.75,12.90,17.2,0.0
0,ÖUN Gooseberry Lemonade Organic tölkki,0.0,0.33,2.98,9.03,0.0
0,Freixenet Low Calorie White Blend 0.0%,0.0,0.75,7.59,10.12,0.0
0,Original Long Drink Grapefruit 0,0.0,0.33,2.19,6.636,0.0
0,Llopart Most Flor 2020,0.0,0.5,9.96,19.92,0.0
0,Highball Italian Spritz,0.0,0.25,2.47,9.88,0.0
0,Magners Alcohol Free,0.0,0.33,2.07,6.273,0.0
0,543210 Karpalo-Maarianheinäkuohuviini,0.0,0.75,14.79,19.72,0.0
0,Stone's Ginger Joe Non-Alcoholic,0.0,0.33,2.60,7.879,0.0
0,Sihinä Kupliva Puolukkakuohari,0.0,0.75,13.70,18.267,0.0
0,Seedlip Garden 108,0.0,0.7,19.99,28.557,0.0
0,Le Sirop de Monin Agave,0.0,0.7,27.55,39.357,0.0
0,Muri Passing Clouds 2021,0.0,0.75,27.79,37.053,0.0
0,Estrella Damm N.A. tölkki,0.0,0.33,1.57,4.758,0.0
0,Fluère,0.0,0.7,28.37,40.529,0.0
0,Freixenet 0.0% Low Calorie Rose Sparkling,0.0,0.2,3.05,15.25,0.0
0,Schweppes Russchian muovipullo,0.0,1.5,4.78,3.187,0.0
0,Fentimans Ginger Ale,0.0,0.2,2.14,10.7,0.0
0,Poikain Parhaat Sour Mansikka-Limelimonaadi,0.0,0.33,3.15,9.545,0.0
0,Le Sirop de Monin Amaretto,0.0,0.25,9.48,37.92,0.0
0,Everstin Poreileva Lehtijuoma,0.0,0.75,18.16,24.213,0.0
0,Freixenet 0.0% Low Calorie Rosé,0.0,0.75,7.59,10.12,0.0
0,Leitz Eins-Zwei-Zero Sparkling Rose Alcohol Free tölkki,0.0,0.25,2.99,11.96,0.0
0,SanPellegrino Naturali Aranciata Rossa tölkki,0.0,0.33,2.36,7.152,0.0
0,Silhouet 0,0.0,0.75,8.98,11.973,0.0
0,Say Alcohol Free Seltzer Lime Mint tölkki,0.0,0.33,1.22,3.697,0.0
0,Poikain Parhaat Halla Juhlaglögi,0.0,0.5,7.35,14.7,0.0
0,Poikain Parhaat Limonaadi Omena,0.0,0.33,3.15,9.545,0.0
0,Stone's Ginger Joe Pear Non-Alcoholic,0.0,0.33,2.60,7.879,0.0
0,Le Sirop de Monin Blue Curacao,0.0,0.25,8.35,33.4,0.0
0,Nokian Cosmopolitan Mocktail tölkki,0.0,0.33,2.12,6.424,0.0
0,Poikain Parhaat Niitty Juhlakuohu,0.0,0.75,13.14,17.52,0.0
0,Thomas Henry Cherry Blossom Tonic,0.0,0.2,1.99,9.95,0.0
0,Copenhagen Sparkling Tea LYSERØD,0.0,0.75,22.21,29.613,0.0
0,Karhu 0,0.0,0.33,1.59,4.818,0.0
0,Leitz Eins-Zwei-Zero Sparkling Riesling Alcohol Free tölkki,0.0,0.25,2.99,11.96,0.0
0,Ambar 0,0.0,0.33,2.50,7.576,0.0
0,Henkell Sparkling Rosé Alcoholfree,0.0,0.75,7.00,9.333,0.0
0,Schweppes Russchian tölkki,0.0,0.33,1.57,4.758,0.0
0,Le Sirop de Monin Lime Citron Vert,0.0,0.7,20.26,28.943,0.0
0,Leitz Eins-Zwei-Zero Riesling Alcohol Free,0.0,0.75,9.99,13.32,0.0
0,Crowmoor White Crow tölkki,0.0,0.33,1.89,5.727,0.0
0,La Ribaude Jus de Pommes Artisanal Petillant Biologique,0.0,0.75,7.99,10.653,0.0
0,Fentimans Rose Lemonade,0.0,0.275,2.97,10.8,0.0
0,Poikain Parhaat Aurora Juhlakuohu,0.0,0.75,13.90,18.533,0.0
0,Van Nahmen Sparkling Juicy Tea White Tea-Tahiti Vanilla-Quince,0.0,0.75,18.70,24.933,0.0
0,Oddbird Spumante,0.0,0.75,11.63,15.507,0.0
0,Le Sirop de Monin Elderflower,0.0,0.7,19.45,27.786,0.0
0,Schweppes Indian Tonic Water tölkki,0.0,0.33,1.57,4.758,0.0
0,S.Pellegrino,0.0,0.75,3.47,4.627,0.0
0,Poikain Parhaat Limonaadi Puolukka,0.0,0.33,3.15,9.545,0.0
0,Eden Mill Love Gin & Rose Lemonade Mocktail tölkki,0.0,0.25,3.36,13.44,0.0
0,Vintense Fines Bulles Rosé,0.0,0.75,8.64,11.52,0.0
0,Galipette Non-Alc,0.0,0.33,2.78,8.424,0.0
0,Inkivääri Kombucha sokeriton tölkki,0.0,0.33,3.73,11.303,0.0
0,Pizzolato Alcohol Free Sparkling,0.0,0.2,4.49,22.45,0.0
0,Shake-It Mixer Strawberry,0.0,0.5,9.24,18.48,0.0
0,Coca-Cola,0.0,0.25,1.63,6.52,0.0
0,Shake-It Mixer Passion Fruit,0.0,0.5,9.58,19.16,0.0
0,Shake-It Mixer Blue Curacao,0.0,0.5,9.58,19.16,0.0
0,Nature Paavola Kuohu Mahla Raparperi-mesiangervo,0.0,0.75,24.45,32.6,0.0
0,d'Artigny Cuvée Prestige Chardonnay,0.0,0.75,7.38,9.84,0.0
0,Vilarnau Organic Alcohol Free 0%,0.0,0.75,8.96,11.947,0.0
0,Öun Rhubarb-Spruce Non Alcoholic Sparkling Celebration Drink,0.0,0.75,8.98,11.973,0.0
0,Shake-It Mixer Sugar Cane,0.0,0.5,9.24,18.48,0.0
0,Vellamo Natural Mineral Water Still muovipullo,0.0,0.33,2.02,6.121,0.0
0,Vellamo Natural Mineral Water,0.0,0.5,4.06,8.12,0.0
0,Le Sirop de Monin Cinnamon,0.0,0.7,19.45,27.786,0.0
0,Warsteiner Premium Fresh,0.0,0.33,1.86,5.636,0.0
0,Original Long Drink Orange 0,0.0,0.33,2.19,6.636,0.0
0,Vellamo Natural Mineral Water Still,0.0,0.75,5.22,6.96,0.0
0,Pure Tonic,0.0,0.2,3.75,18.75,0.0
0,Vuokatin Viini Kuohuva Valkoherukkajuoma,0.0,0.75,11.72,15.627,0.0
0,Le Sirop de Monin Bubble Gum,0.0,0.7,16.96,24.229,0.0
0,Le Sirop de Monin Roasted Hazelnut,0.0,0.7,19.45,27.786,0.0
0,Vintense Fines Bulles Blanc,0.0,0.2,3.97,19.85,0.0
0,Happy Joe Alcohol Free Dry Apple,0.0,0.275,2.29,8.327,0.0
0,Heim Bouquet Alkoholfrei,0.0,0.75,8.24,10.987,0.0
0,Sangre de Toro 0,0.0,0.75,7.98,10.64,0.0
0,Le Sirop de Monin Rantcho Lemon,0.0,0.7,11.64,16.629,0.0
0,Le Sirop de Monin Pumpkin Spice,0.0,0.7,20.26,28.943,0.0
0,Vellamo Natural Mineral Water Sparkling,0.0,0.5,4.06,8.12,0.0
0,Lagrima Arctica Kuusenkerkkä,0.0,0.75,10.23,13.64,0.0
